
<record>
  <leader>01767nam a2200325u  4500</leader>
  <controlfield tag="001">7177619</controlfield>
  <controlfield tag="005">00000000000000.0</controlfield>
  <controlfield tag="008">851025n        xx            000 0 eng  </controlfield>
  <datafield tag="035" ind1=" " ind2=" ">
    <subfield code="9">(DLC)   78762714</subfield>
  </datafield>
  <datafield tag="906" ind1=" " ind2=" ">
    <subfield code="a">0</subfield>
    <subfield code="b">cbc</subfield>
    <subfield code="c">premunv</subfield>
    <subfield code="d">u</subfield>
    <subfield code="e">ncip</subfield>
    <subfield code="f">19</subfield>
    <subfield code="g">y-gencatlg</subfield>
  </datafield>
  <datafield tag="010" ind1=" " ind2=" ">
    <subfield code="a">   78762714 </subfield>
  </datafield>
  <datafield tag="040" ind1=" " ind2=" ">
    <subfield code="a">DLC</subfield>
    <subfield code="c">CarP</subfield>
    <subfield code="d">DLC</subfield>
  </datafield>
  <datafield tag="050" ind1="1" ind2="0">
    <subfield code="a">M5</subfield>
  </datafield>
  <datafield tag="245" ind1="0" ind2="0">
    <subfield code="a">Bayern&apos;s Schls̲ser und Residenzen : Mnchen.</subfield>
    <subfield code="b">[Sound recording] </subfield>
  </datafield>
  <datafield tag="260" ind1=" " ind2=" ">
    <subfield code="a">[n.p.]</subfield>
    <subfield code="b">BASF 29 21107-2. [197-?]</subfield>
  </datafield>
  <datafield tag="300" ind1=" " ind2=" ">
    <subfield code="a">p. 2 discs. 33 1/3 rpm. stereo. 12 in.</subfield>
  </datafield>
  <datafield tag="600" ind1="1" ind2="0">
    <subfield code="a">Suites (Bassoons (2), clarinets (2),</subfield>
    <subfield code="c">horns (2)) [from old catalog]</subfield>
  </datafield>
  <datafield tag="610" ind1="2" ind2="0">
    <subfield code="a">Suites (Bassoons (2), clarinets (2), horns (2)), Arranged. [from old catalog]</subfield>
  </datafield>
  <datafield tag="650" ind1=" " ind2="0">
    <subfield code="a">Concertos (Bassoon) [from old catalog]</subfield>
  </datafield>
  <datafield tag="650" ind1=" " ind2="0">
    <subfield code="a">Bassoon and clarinet with orchestra. [from old catalog]</subfield>
  </datafield>
  <datafield tag="700" ind1="1" ind2=" ">
    <subfield code="a">Hartmann, Karl Otto. [from old catalog]</subfield>
  </datafield>
  <datafield tag="700" ind1="1" ind2=" ">
    <subfield code="a">Klc̲ker, Dieter. [from old catalog]</subfield>
  </datafield>
  <datafield tag="700" ind1="1" ind2=" ">
    <subfield code="a">Schrd̲er, Jaap. [from old catalog]</subfield>
  </datafield>
  <datafield tag="700" ind1="1" ind2=" ">
    <subfield code="a">Mozart, Johann Chrysostom Wolfgang Amadeus,</subfield>
    <subfield code="d">1756-1791.</subfield>
    <subfield code="t">Divertimento, K. Anh. C17.02 (Anh. 227), Bb major. [Sound recording] 197-. [from old catalog]</subfield>
  </datafield>
  <datafield tag="700" ind1="1" ind2=" ">
    <subfield code="a">Mozart, Johann Chrysostom Wolfgang Amadeus,</subfield>
    <subfield code="d">1756-1791.</subfield>
    <subfield code="t">Divertimento, K. Anh. C17.01 (Anh. 226), Eb major. [Sound recording] 197-. [from old catalog]</subfield>
  </datafield>
  <datafield tag="700" ind1="1" ind2=" ">
    <subfield code="a">Danzi, Franz,</subfield>
    <subfield code="d">1763-1826.</subfield>
    <subfield code="t">Sextet, oboe, 2 horns &amp; strings, op. 10, Eb major ; arr. [Sound recording] 197-. [from old catalog]</subfield>
  </datafield>
  <datafield tag="700" ind1="1" ind2=" ">
    <subfield code="a">Danzi, Franz,</subfield>
    <subfield code="d">1763-1826.</subfield>
    <subfield code="t">Concerto, bassoon, F major. [Sound recording] 197-. [from old catalog]</subfield>
  </datafield>
  <datafield tag="700" ind1="1" ind2=" ">
    <subfield code="a">Danzi, Franz,</subfield>
    <subfield code="d">1763-1826.</subfield>
    <subfield code="t">Sinfonia concertante, op. 47. [Sound recording] 197-. [from old catalog]</subfield>
  </datafield>
  <datafield tag="710" ind1="2" ind2=" ">
    <subfield code="a">Consortium Classicum. [from old catalog]</subfield>
  </datafield>
  <datafield tag="710" ind1="2" ind2=" ">
    <subfield code="a">Concerto Amsterdam. [from old catalog]</subfield>
  </datafield>
</record>