
<record>
  <leader>01458nam a2200289u  4500</leader>
  <controlfield tag="001">6193901</controlfield>
  <controlfield tag="005">00000000000000.0</controlfield>
  <controlfield tag="008">860714n        xx            000 0 ger  </controlfield>
  <datafield tag="035" ind1=" " ind2=" ">
    <subfield code="9">(DLC)   73761518</subfield>
  </datafield>
  <datafield tag="906" ind1=" " ind2=" ">
    <subfield code="a">0</subfield>
    <subfield code="b">cbc</subfield>
    <subfield code="c">premunv</subfield>
    <subfield code="d">u</subfield>
    <subfield code="e">ncip</subfield>
    <subfield code="f">19</subfield>
    <subfield code="g">y-gencatlg</subfield>
  </datafield>
  <datafield tag="010" ind1=" " ind2=" ">
    <subfield code="a">   73761518 </subfield>
  </datafield>
  <datafield tag="040" ind1=" " ind2=" ">
    <subfield code="a">DLC</subfield>
    <subfield code="c">CarP</subfield>
    <subfield code="d">DLC</subfield>
  </datafield>
  <datafield tag="050" ind1="1" ind2="0">
    <subfield code="a">M1028</subfield>
  </datafield>
  <datafield tag="245" ind1="0" ind2="0">
    <subfield code="a">Hornkonzerte von Danzi, Rosetti &amp; Haydn.</subfield>
    <subfield code="b">[Sound recording] </subfield>
  </datafield>
  <datafield tag="260" ind1=" " ind2=" ">
    <subfield code="a">[n.p.]</subfield>
    <subfield code="b">Telefunken SAT 22516. [1973?]</subfield>
  </datafield>
  <datafield tag="300" ind1=" " ind2=" ">
    <subfield code="a">p. 2 s. 12 in. 33 1/3 rpm. stereophonic.</subfield>
  </datafield>
  <datafield tag="500" ind1=" " ind2=" ">
    <subfield code="a">Title from slipcase.</subfield>
  </datafield>
  <datafield tag="500" ind1=" " ind2=" ">
    <subfield code="a">Hermann Baumann, horn; Concerto Amsterdam; Jaap Schrd̲er, conductor.</subfield>
  </datafield>
  <datafield tag="500" ind1=" " ind2=" ">
    <subfield code="a">Program notes in German and English by O. v. Irmer on slipcase.</subfield>
  </datafield>
  <datafield tag="505" ind1="0" ind2=" ">
    <subfield code="a">Haydn, J. Konzert Nr. 1, D-dur, fr Horn und Orchester, HV VIId, Nr. 1.--Danzi, F. Konzert fr Horn und Orchester E-dur.--Rosetti, A. Konzert d-moll, fur Horn und Orchester.</subfield>
  </datafield>
  <datafield tag="650" ind1=" " ind2="0">
    <subfield code="a">Concertos (Horn)</subfield>
    <subfield code="x">To 1800. [from old catalog]</subfield>
  </datafield>
  <datafield tag="700" ind1="1" ind2="2">
    <subfield code="a">Haydn, Joseph,</subfield>
    <subfield code="d">1732-1809.</subfield>
    <subfield code="t">Concerto, horn, H. VIId, 1, D major. Sound recording. 1971? [from old catalog]</subfield>
  </datafield>
  <datafield tag="700" ind1="1" ind2="2">
    <subfield code="a">Danzi, Franz,</subfield>
    <subfield code="d">1763-1826.</subfield>
    <subfield code="t">Concerto, horn, E major. Sound recording. 1971? [from old catalog]</subfield>
  </datafield>
  <datafield tag="700" ind1="1" ind2="2">
    <subfield code="a">Rosetti, Anton,</subfield>
    <subfield code="d">1746-1792.</subfield>
    <subfield code="t">Concerto, horn, K. III, 43, D minor. Sound recording. 1971? [from old catalog]</subfield>
  </datafield>
  <datafield tag="700" ind1="1" ind2=" ">
    <subfield code="a">Baumann, Hermann. [from old catalog]</subfield>
  </datafield>
  <datafield tag="700" ind1="1" ind2=" ">
    <subfield code="a">Schrd̲er, Jaap. [from old catalog]</subfield>
  </datafield>
  <datafield tag="710" ind1="2" ind2=" ">
    <subfield code="a">Concerto Amsterdam. [from old catalog]</subfield>
  </datafield>
</record>