
<record>
  <leader>01283nam a2200253u  4500</leader>
  <controlfield tag="001">6709060</controlfield>
  <controlfield tag="005">00000000000000.0</controlfield>
  <controlfield tag="008">850118n        xx            000 0 ger  </controlfield>
  <datafield tag="035" ind1=" " ind2=" ">
    <subfield code="9">(DLC)   78761515</subfield>
  </datafield>
  <datafield tag="906" ind1=" " ind2=" ">
    <subfield code="a">0</subfield>
    <subfield code="b">cbc</subfield>
    <subfield code="c">premunv</subfield>
    <subfield code="d">u</subfield>
    <subfield code="e">ncip</subfield>
    <subfield code="f">19</subfield>
    <subfield code="g">y-gencatlg</subfield>
  </datafield>
  <datafield tag="010" ind1=" " ind2=" ">
    <subfield code="a">   78761515 </subfield>
  </datafield>
  <datafield tag="040" ind1=" " ind2=" ">
    <subfield code="a">DLC</subfield>
    <subfield code="c">CarP</subfield>
    <subfield code="d">DLC</subfield>
  </datafield>
  <datafield tag="110" ind1="2" ind2=" ">
    <subfield code="a">M555 [from old catalog]</subfield>
  </datafield>
  <datafield tag="245" ind1="0" ind2="0">
    <subfield code="a">Bls̃erserenade.</subfield>
    <subfield code="b">[Sound recording] </subfield>
  </datafield>
  <datafield tag="260" ind1=" " ind2=" ">
    <subfield code="a">[n.p.]</subfield>
    <subfield code="b">Saphir 25780-8 SB. [p1975]</subfield>
  </datafield>
  <datafield tag="300" ind1=" " ind2=" ">
    <subfield code="a">p. cm.</subfield>
  </datafield>
  <datafield tag="350" ind1=" " ind2=" ">
    <subfield code="a">1 disc. 33 1/3 rpm. stereo. 12 in.</subfield>
  </datafield>
  <datafield tag="650" ind1=" " ind2="0">
    <subfield code="a">Wind quintets (Bassoon, clarinet, flute, horn, oboe), Arranged. [from old catalog]</subfield>
  </datafield>
  <datafield tag="650" ind1=" " ind2="0">
    <subfield code="a">Wind quintets (Bassoon, clarinet, flute, horn, oboe) [from old catalog]</subfield>
  </datafield>
  <datafield tag="700" ind1="1" ind2=" ">
    <subfield code="a">Haydn, Joseph,</subfield>
    <subfield code="d">1732-1809.</subfield>
    <subfield code="t">Feldpartiten, H. II, 46; arr. [Sound recording] 1975. [from old catalog]</subfield>
  </datafield>
  <datafield tag="700" ind1="1" ind2=" ">
    <subfield code="a">Reicha, Anton Joseph,</subfield>
    <subfield code="d">1770-1836.</subfield>
    <subfield code="t">Quintet, woodwinds &amp; horn, op. 88, no. 2, Eb major. [Sound recording] 1975. [from old catalog]</subfield>
  </datafield>
  <datafield tag="700" ind1="1" ind2=" ">
    <subfield code="a">Danzi, Franz,</subfield>
    <subfield code="d">1763-1826.</subfield>
    <subfield code="t">Quintet, woodwinds &amp; horn, op. 56 (Schlesinger) no. 2, G minor. [Sound recording] 1975. [from old catalog]</subfield>
  </datafield>
  <datafield tag="700" ind1="1" ind2=" ">
    <subfield code="a">Ibert, Jacques,</subfield>
    <subfield code="d">1890-1962.</subfield>
    <subfield code="t">Pic̈es brv̈es, woodwinds &amp; horn. [Sound recording] 1975. [from old catalog]</subfield>
  </datafield>
  <datafield tag="710" ind1="2" ind2=" ">
    <subfield code="a">Stuttgarter Bls̃erquintett. [from old catalog]</subfield>
  </datafield>
</record>