
<record>
  <leader>01544cam a2200265u  4500</leader>
  <controlfield tag="001">7083268</controlfield>
  <controlfield tag="005">20010122172840.0</controlfield>
  <controlfield tag="008">860610n        xx            000 0 eng  </controlfield>
  <datafield tag="035" ind1=" " ind2=" ">
    <subfield code="9">(DLC)r  68000234</subfield>
  </datafield>
  <datafield tag="906" ind1=" " ind2=" ">
    <subfield code="a">0</subfield>
    <subfield code="b">cbc</subfield>
    <subfield code="c">premunv</subfield>
    <subfield code="d">u</subfield>
    <subfield code="e">ncip</subfield>
    <subfield code="f">19</subfield>
    <subfield code="g">y-gencatlg</subfield>
  </datafield>
  <datafield tag="010" ind1=" " ind2=" ">
    <subfield code="a">r  68000234 </subfield>
  </datafield>
  <datafield tag="040" ind1=" " ind2=" ">
    <subfield code="a">DLC</subfield>
    <subfield code="c">CarP</subfield>
    <subfield code="d">DLC</subfield>
  </datafield>
  <datafield tag="245" ind1="0" ind2="0">
    <subfield code="a">Wind chamber music from classical to modern.</subfield>
    <subfield code="b">[Sound recording]</subfield>
  </datafield>
  <datafield tag="260" ind1=" " ind2=" ">
    <subfield code="a">[n.p.]</subfield>
    <subfield code="b">Mace MCS 9053. [1967]</subfield>
  </datafield>
  <datafield tag="300" ind1=" " ind2=" ">
    <subfield code="a">p. 2 s. 12 in. 33 1/3 rpm. microgroove. stereophonic.</subfield>
  </datafield>
  <datafield tag="500" ind1=" " ind2=" ">
    <subfield code="a">Haifa Wind quintet.</subfield>
  </datafield>
  <datafield tag="500" ind1=" " ind2=" ">
    <subfield code="a">Program notes by Hope Sheridan on slipcase.</subfield>
  </datafield>
  <datafield tag="505" ind1="0" ind2=" ">
    <subfield code="a">Wind quintet in B flat major, op. 56, no. 1, by F. Danzi.--Kleine Kammermusik, op. 24, no. 2, by P. Hindemith.--Wind trio in C major, op. 87 (arr. for flute, oboe, and clarient) by L. Van Beethoven.--Trois pic̈es brv̈es. by J. Ibert.</subfield>
  </datafield>
  <datafield tag="650" ind1=" " ind2="0">
    <subfield code="a">Wind quintets (Bassoon, clarinet, flute, horn, oboe)</subfield>
  </datafield>
  <datafield tag="650" ind1=" " ind2="0">
    <subfield code="a">Wind trios (Clarinet, flute, oboe), Arranged.</subfield>
  </datafield>
  <datafield tag="710" ind1="2" ind2=" ">
    <subfield code="a">Haifa Wind Quintet. [from old catalog]</subfield>
  </datafield>
  <datafield tag="700" ind1="1" ind2=" ">
    <subfield code="a">Danzi, Franz,</subfield>
    <subfield code="d">1763-1826.</subfield>
    <subfield code="t">Quintet, wood-winds &amp; horn, op. 56 (Schlesinger) no. 1, Bb major. Sound recording. [from old catalog]</subfield>
  </datafield>
  <datafield tag="700" ind1="1" ind2=" ">
    <subfield code="a">Hindemith, Paul,</subfield>
    <subfield code="d">1885-1963.</subfield>
    <subfield code="t">Kleine Kammermusik, wood-winds &amp; horn, op. 24, no. 2. Sound recording. [from old catalog]</subfield>
  </datafield>
  <datafield tag="700" ind1="1" ind2=" ">
    <subfield code="a">Beethoven, Ludwig van,</subfield>
    <subfield code="d">1770-1827.</subfield>
    <subfield code="t">Trio, oboes &amp; English horn, op. 87, C major; arr. Sound recording. [from old catalog]</subfield>
  </datafield>
  <datafield tag="700" ind1="1" ind2=" ">
    <subfield code="a">Ibert, Jacques,</subfield>
    <subfield code="d">1890-1962.</subfield>
    <subfield code="t">Pic̈es brv̈es, wood-winds &amp; horn. Sound recording. [from old catalog]</subfield>
  </datafield>
</record>