
<record>
  <leader>02340nam a2200373u  4500</leader>
  <controlfield tag="001">7409030</controlfield>
  <controlfield tag="005">00000000000000.0</controlfield>
  <controlfield tag="008">831213m19141915gw            000 0 ger  </controlfield>
  <datafield tag="035" ind1=" " ind2=" ">
    <subfield code="9">(DLC)   46040829</subfield>
  </datafield>
  <datafield tag="906" ind1=" " ind2=" ">
    <subfield code="a">0</subfield>
    <subfield code="b">cbc</subfield>
    <subfield code="c">premunv</subfield>
    <subfield code="d">u</subfield>
    <subfield code="e">ncip</subfield>
    <subfield code="f">19</subfield>
    <subfield code="g">y-gencatlg</subfield>
  </datafield>
  <datafield tag="010" ind1=" " ind2=" ">
    <subfield code="a">   46040829 </subfield>
  </datafield>
  <datafield tag="040" ind1=" " ind2=" ">
    <subfield code="a">DLC</subfield>
    <subfield code="c">CarP</subfield>
    <subfield code="d">DLC</subfield>
  </datafield>
  <datafield tag="050" ind1="0" ind2="0">
    <subfield code="a">M2</subfield>
    <subfield code="b">.D4 15.-16. jahrg.</subfield>
  </datafield>
  <datafield tag="100" ind1="1" ind2=" ">
    <subfield code="a">Riemann, Hugo,</subfield>
    <subfield code="d">1849-1919, [from old catalog]</subfield>
    <subfield code="e">ed.</subfield>
  </datafield>
  <datafield tag="245" ind1="1" ind2="0">
    <subfield code="a">Mannheimer kammermusik des 18. jahrhunderts ... </subfield>
  </datafield>
  <datafield tag="260" ind1=" " ind2=" ">
    <subfield code="a">Leipzig,</subfield>
    <subfield code="b">Breitkopf &amp; Hr̃tel,</subfield>
    <subfield code="c">1914-15.</subfield>
  </datafield>
  <datafield tag="300" ind1=" " ind2=" ">
    <subfield code="a">2 v.</subfield>
    <subfield code="c">37 cm.</subfield>
  </datafield>
  <datafield tag="650" ind1=" " ind2="0">
    <subfield code="a">Chamber music</subfield>
    <subfield code="y">To 1800</subfield>
    <subfield code="x">Collections. [from old catalog]</subfield>
  </datafield>
  <datafield tag="700" ind1="1" ind2=" ">
    <subfield code="a">Richter, Franz Xaver,</subfield>
    <subfield code="d">1709-1789.</subfield>
    <subfield code="t">Chamber works. Selected. [from old catalog]</subfield>
  </datafield>
  <datafield tag="700" ind1="1" ind2=" ">
    <subfield code="a">Holzbauer, Ignaz Jakob,</subfield>
    <subfield code="d">1711-1783.</subfield>
    <subfield code="t">Divertimento, 2 violins, 2 violas &amp; bass, Eb major. [from old catalog]</subfield>
  </datafield>
  <datafield tag="700" ind1="1" ind2=" ">
    <subfield code="a">Wendling, Johann Baptist,</subfield>
    <subfield code="d">1719 or 20-1797.</subfield>
    <subfield code="t">Quartet, flute, violin, viola &amp; violoncello, op. 10, no. 6, G major. [from old catalog]</subfield>
  </datafield>
  <datafield tag="700" ind1="1" ind2=" ">
    <subfield code="a">Toeschi, Carlo Giuseppe,</subfield>
    <subfield code="d">1724?-1788.</subfield>
    <subfield code="t">Chamber works. Selected. [from old catalog]</subfield>
  </datafield>
  <datafield tag="700" ind1="1" ind2=" ">
    <subfield code="a">Cannabich, Christian,</subfield>
    <subfield code="d">1731-1798.</subfield>
    <subfield code="t">Quartet, strings, op. 5, no. 2, E minor. [from old catalog]</subfield>
  </datafield>
  <datafield tag="700" ind1="1" ind2=" ">
    <subfield code="a">Eichner, Ernst,</subfield>
    <subfield code="d">1740-1777.</subfield>
    <subfield code="t">Chamber works. Selected. [from old catalog]</subfield>
  </datafield>
  <datafield tag="700" ind1="1" ind2=" ">
    <subfield code="a">Stamitz, Karl,</subfield>
    <subfield code="d">1746-1801.</subfield>
    <subfield code="t">Chamber works. Selected. [from old catalog]</subfield>
  </datafield>
  <datafield tag="700" ind1="1" ind2=" ">
    <subfield code="a">Volger, Georg Joseph,</subfield>
    <subfield code="c">abt,</subfield>
    <subfield code="d">1749-1814.</subfield>
    <subfield code="t">Quartet, flute, violin, viola &amp; violoncello, no. 1, Bb major. [from old catalog]</subfield>
  </datafield>
  <datafield tag="700" ind1="1" ind2=" ">
    <subfield code="a">Stamitz, Johann Anton,</subfield>
    <subfield code="d">b. 1754.</subfield>
    <subfield code="t">Chamber works. Selected. [from old catalog]</subfield>
  </datafield>
  <datafield tag="700" ind1="1" ind2=" ">
    <subfield code="a">Danzi, Franz,</subfield>
    <subfield code="d">1763-1826.</subfield>
    <subfield code="t">Quintet, bassoon, clarinet, flute, horn &amp; oboe, op. 56, no. 2, G minor. [from old catalog]</subfield>
  </datafield>
  <datafield tag="700" ind1="1" ind2=" ">
    <subfield code="a">Stamitz, Johann Wenzel Anton,</subfield>
    <subfield code="d">1717-1757.</subfield>
    <subfield code="t">Chamber works. Selected. [from old catalog]</subfield>
  </datafield>
  <datafield tag="700" ind1="1" ind2=" ">
    <subfield code="a">Filtz, Anton,</subfield>
    <subfield code="d">1730 (ca)-1760.</subfield>
    <subfield code="t">Chamber works. Selected. [from old catalog]</subfield>
  </datafield>
  <datafield tag="700" ind1="1" ind2=" ">
    <subfield code="a">Sterkel, Johann Franz Xaver,</subfield>
    <subfield code="d">1750-1817.</subfield>
    <subfield code="t">Sonata, violin &amp; piano, op. 18, no. 2, G major. [from old catalog]</subfield>
  </datafield>
  <datafield tag="700" ind1="1" ind2=" ">
    <subfield code="a">Cramer, Wilhelm,</subfield>
    <subfield code="d">1745-1799.</subfield>
    <subfield code="t">Trio, 2 violins &amp; bass, op. 3, no. 2, Bb major. [from old catalog]</subfield>
  </datafield>
  <datafield tag="700" ind1="1" ind2=" ">
    <subfield code="a">Edelmann, Johann Friedrich,</subfield>
    <subfield code="d">1749-1794.</subfield>
    <subfield code="t">Sonatas, violin &amp; harpsichord. Selected. [from old catalog]</subfield>
  </datafield>
  <datafield tag="991" ind1=" " ind2=" ">
    <subfield code="b">c-Music</subfield>
    <subfield code="h">M2</subfield>
    <subfield code="i">.D4 15.-16. jahrg.</subfield>
    <subfield code="t">Copy 1</subfield>
    <subfield code="w">PREM</subfield>
  </datafield>
</record>