
<record>
  <leader>01712njm a22003731a 4500</leader>
  <controlfield tag="001">12052814</controlfield>
  <controlfield tag="005">20000617185503.0</controlfield>
  <controlfield tag="007">sdubumenn-----</controlfield>
  <controlfield tag="008">850225s1952    nyusun   efhi            </controlfield>
  <datafield tag="035" ind1=" " ind2=" ">
    <subfield code="a">(OCoLC)ocm11733886</subfield>
  </datafield>
  <datafield tag="906" ind1=" " ind2=" ">
    <subfield code="a">0</subfield>
    <subfield code="b">cbc</subfield>
    <subfield code="c">copycat</subfield>
    <subfield code="d">3</subfield>
    <subfield code="e">ncip</subfield>
    <subfield code="f">19</subfield>
    <subfield code="g">y-soundrec</subfield>
  </datafield>
  <datafield tag="010" ind1=" " ind2=" ">
    <subfield code="a">   99575228 </subfield>
  </datafield>
  <datafield tag="028" ind1="0" ind2="2">
    <subfield code="a">CE 2010</subfield>
    <subfield code="b">Classic Editions</subfield>
  </datafield>
  <datafield tag="040" ind1=" " ind2=" ">
    <subfield code="a">DLC</subfield>
    <subfield code="c">MeB</subfield>
    <subfield code="d">DLC</subfield>
  </datafield>
  <datafield tag="042" ind1=" " ind2=" ">
    <subfield code="a">lcderive</subfield>
  </datafield>
  <datafield tag="050" ind1="0" ind2="0">
    <subfield code="a">Classic Editions CE 2010</subfield>
  </datafield>
  <datafield tag="245" ind1="0" ind2="4">
    <subfield code="a">The Mannheim school</subfield>
    <subfield code="h">sound recording</subfield>
  </datafield>
  <datafield tag="260" ind1=" " ind2=" ">
    <subfield code="a">New York, N.Y. :</subfield>
    <subfield code="b">Classic Editions,</subfield>
    <subfield code="c">[1952?]</subfield>
  </datafield>
  <datafield tag="300" ind1=" " ind2=" ">
    <subfield code="a">1 sound disc :</subfield>
    <subfield code="c">33 1/3 rpm ;</subfield>
    <subfield code="c">12 in.</subfield>
  </datafield>
  <datafield tag="511" ind1="0" ind2=" ">
    <subfield code="a">Members of the New Art Wind Quintet.</subfield>
  </datafield>
  <datafield tag="500" ind1=" " ind2=" ">
    <subfield code="a">The 1st work originally for clarinet, violin, viola, violoncello.</subfield>
  </datafield>
  <datafield tag="500" ind1=" " ind2=" ">
    <subfield code="a">Ascription of the Mozart work is doubtful.</subfield>
  </datafield>
  <datafield tag="500" ind1=" " ind2=" ">
    <subfield code="a">Also issued in 2-sound-disc set with same manufacturer&apos;s number.</subfield>
  </datafield>
  <datafield tag="500" ind1=" " ind2=" ">
    <subfield code="a">Program notes by Melvin Kaplan on container.</subfield>
  </datafield>
  <datafield tag="505" ind1="0" ind2=" ">
    <subfield code="a">Blaserquartet, op. 8, no. 2 / Karl Stamitz -- Cassazione in Eb / W.A. Mozart -- Blaserquintet, op. 88, no. 2 / Anton Reicha -- Blaserquintet, op. 67, no. 1 / Franz Danzi.</subfield>
  </datafield>
  <datafield tag="650" ind1=" " ind2="0">
    <subfield code="a">Wind quartets (Bassoon, clarinet, horn, oboe), Arranged.</subfield>
  </datafield>
  <datafield tag="650" ind1=" " ind2="0">
    <subfield code="a">Suites (Bassoon, clarinet, horn, oboe)</subfield>
  </datafield>
  <datafield tag="650" ind1=" " ind2="0">
    <subfield code="a">Wind quintets (Bassoon, clarinet, flute, horn, oboe)</subfield>
  </datafield>
  <datafield tag="700" ind1="1" ind2="2">
    <subfield code="a">Stamitz, Karl,</subfield>
    <subfield code="d">1745-1801.</subfield>
    <subfield code="t">Quartets, op. 8,</subfield>
    <subfield code="n">No. 2;</subfield>
    <subfield code="o">arr.</subfield>
  </datafield>
  <datafield tag="700" ind1="1" ind2="2">
    <subfield code="a">Mozart, Wolfgang Amadeus,</subfield>
    <subfield code="d">1756-1791.</subfield>
    <subfield code="t">Cassations,</subfield>
    <subfield code="n">K. Anh. C17.11, Eb major.</subfield>
  </datafield>
  <datafield tag="700" ind1="1" ind2="2">
    <subfield code="a">Reicha, Anton,</subfield>
    <subfield code="d">1770-1836.</subfield>
    <subfield code="t">Quintets,</subfield>
    <subfield code="m">winds,</subfield>
    <subfield code="n">op. 88.</subfield>
    <subfield code="n">No. 2.</subfield>
  </datafield>
  <datafield tag="700" ind1="1" ind2="2">
    <subfield code="a">Danzi, Franz,</subfield>
    <subfield code="d">1763-1826.</subfield>
    <subfield code="t">Quintets,</subfield>
    <subfield code="m">winds,</subfield>
    <subfield code="n">op. 67.</subfield>
    <subfield code="n">No. 1.</subfield>
  </datafield>
  <datafield tag="710" ind1="2" ind2=" ">
    <subfield code="a">New Art Wind Quintet.</subfield>
    <subfield code="4">prf</subfield>
  </datafield>
  <datafield tag="985" ind1=" " ind2=" ">
    <subfield code="c">OCLC</subfield>
    <subfield code="e">Claimed Recordings</subfield>
  </datafield>
</record>