
<record>
  <leader>02387cjm a22004451a 4500</leader>
  <controlfield tag="001">5770377</controlfield>
  <controlfield tag="005">19980508095425.8</controlfield>
  <controlfield tag="007">st|omndmbunnue</controlfield>
  <controlfield tag="008">961204s1957    dcuuun                   </controlfield>
  <datafield tag="035" ind1=" " ind2=" ">
    <subfield code="9">(DLC)   96706807</subfield>
  </datafield>
  <datafield tag="906" ind1=" " ind2=" ">
    <subfield code="a">7</subfield>
    <subfield code="b">cbc</subfield>
    <subfield code="c">orignew</subfield>
    <subfield code="d">3</subfield>
    <subfield code="e">ncip</subfield>
    <subfield code="f">19</subfield>
    <subfield code="g">y-genmusic</subfield>
  </datafield>
  <datafield tag="010" ind1=" " ind2=" ">
    <subfield code="a">   96706807 </subfield>
  </datafield>
  <datafield tag="033" ind1="0" ind2=" ">
    <subfield code="a">19570301</subfield>
    <subfield code="b">3850</subfield>
  </datafield>
  <datafield tag="040" ind1=" " ind2=" ">
    <subfield code="a">DLC</subfield>
    <subfield code="c">DLC</subfield>
    <subfield code="d">DLC</subfield>
  </datafield>
  <datafield tag="050" ind1="0" ind2="0">
    <subfield code="a">LWO 2479 r24 (10 in. preservation master)</subfield>
  </datafield>
  <datafield tag="050" ind1="0" ind2="0">
    <subfield code="a">LWO 2479 r54 (10 in. acetate tape -- not for playback)</subfield>
  </datafield>
  <datafield tag="110" ind1="2" ind2=" ">
    <subfield code="a">New York Woodwind Quintet.</subfield>
    <subfield code="4">prf</subfield>
  </datafield>
  <datafield tag="245" ind1="1" ind2="0">
    <subfield code="a">[Library of Congress Music Division concert, 1957-03-01]</subfield>
    <subfield code="h">[sound recording].</subfield>
  </datafield>
  <datafield tag="260" ind1=" " ind2=" ">
    <subfield code="c">1957.</subfield>
  </datafield>
  <datafield tag="300" ind1=" " ind2=" ">
    <subfield code="a">1 sound tape reel :</subfield>
    <subfield code="b">analog, 7 1/2 ips, 2 track, mono. ;</subfield>
    <subfield code="c">10 in. (acetate) +</subfield>
    <subfield code="e">1 program ( 3 p.)</subfield>
  </datafield>
  <datafield tag="300" ind1=" " ind2=" ">
    <subfield code="a">1 sound tape reel :</subfield>
    <subfield code="b">analog, 7 1/2 ips, 2 track, mono. ;</subfield>
    <subfield code="c">10 in.</subfield>
  </datafield>
  <datafield tag="500" ind1=" " ind2=" ">
    <subfield code="a">The 1st-2nd, and 4th works for flute, clarinet, oboe, bassoon, and horn.</subfield>
  </datafield>
  <datafield tag="511" ind1="0" ind2=" ">
    <subfield code="a">New York Woodwind Quintet.</subfield>
  </datafield>
  <datafield tag="518" ind1=" " ind2=" ">
    <subfield code="a">Recorded in the Coolidge Auditorium of the Library of Congress, Washington, D.C., Mar. 1, 1957.</subfield>
  </datafield>
  <datafield tag="500" ind1=" " ind2=" ">
    <subfield code="a">Concert given under the auspices of the Gertrude Clarke Whittall Foundation in the Library of Congress.</subfield>
  </datafield>
  <datafield tag="500" ind1=" " ind2=" ">
    <subfield code="a">Produced by the Music Division and the Recording Laboratory of the Library of Congress.</subfield>
  </datafield>
  <datafield tag="505" ind1="0" ind2=" ">
    <subfield code="a">Quintet in E minor, op. 67, no. 2 / Franz Danzi -- Summer music : op. 31 (1956) / Samuel Barber -- Divertimento for flute, oboe, and bassoon, op. 43 (1956) / Juan Orrego-Salas -- Quintet (1955) / Alvin Derald Etler.</subfield>
  </datafield>
  <datafield tag="500" ind1=" " ind2=" ">
    <subfield code="a">Cataloged from printed program; actual tape contents may vary.</subfield>
  </datafield>
  <datafield tag="650" ind1=" " ind2="0">
    <subfield code="a">Wind quintets (Bassoon, clarinet, flute, horn, oboe)</subfield>
  </datafield>
  <datafield tag="650" ind1=" " ind2="0">
    <subfield code="a">Suites (Bassoon, flute, oboe)</subfield>
  </datafield>
  <datafield tag="700" ind1="1" ind2="2">
    <subfield code="a">Danzi, Franz,</subfield>
    <subfield code="d">1763-1826.</subfield>
    <subfield code="t">Quintets,</subfield>
    <subfield code="m">winds,</subfield>
    <subfield code="n">op. 67.</subfield>
    <subfield code="n">No. 2.</subfield>
  </datafield>
  <datafield tag="700" ind1="1" ind2="2">
    <subfield code="a">Barber, Samuel,</subfield>
    <subfield code="d">1910-</subfield>
    <subfield code="t">Summer music.</subfield>
  </datafield>
  <datafield tag="700" ind1="2" ind2="2">
    <subfield code="a">Orrego Salas, Juan.</subfield>
    <subfield code="t">Divertimenti,</subfield>
    <subfield code="m">flute, oboe, bassoon,</subfield>
    <subfield code="n">no. 1, op. 43.</subfield>
  </datafield>
  <datafield tag="700" ind1="1" ind2="2">
    <subfield code="a">Etler, Alvin,</subfield>
    <subfield code="d">1913-1973.</subfield>
    <subfield code="t">Quintets,</subfield>
    <subfield code="m">winds,</subfield>
    <subfield code="n">no. 1.</subfield>
  </datafield>
  <datafield tag="710" ind1="2" ind2=" ">
    <subfield code="a">Library of Congress.</subfield>
    <subfield code="b">Gertrude Clarke Whittall Foundation.</subfield>
    <subfield code="4">fnd</subfield>
  </datafield>
  <datafield tag="710" ind1="2" ind2=" ">
    <subfield code="a">Library of Congress.</subfield>
    <subfield code="b">Music Division.</subfield>
  </datafield>
  <datafield tag="710" ind1="2" ind2=" ">
    <subfield code="a">Library of Congress.</subfield>
    <subfield code="b">Recording Laboratory.</subfield>
  </datafield>
  <datafield tag="953" ind1=" " ind2=" ">
    <subfield code="a">TA28</subfield>
  </datafield>
  <datafield tag="991" ind1=" " ind2=" ">
    <subfield code="b">c-RecSound</subfield>
    <subfield code="h">LWO 2479 r24 (10 in. preservation master)</subfield>
    <subfield code="w">MUSIC</subfield>
  </datafield>
  <datafield tag="991" ind1=" " ind2=" ">
    <subfield code="b">c-RecSound</subfield>
    <subfield code="h">LWO 2479 r54 (10 in. acetate tape -- not for playback)</subfield>
    <subfield code="w">MUSIC</subfield>
  </datafield>
</record>