
<record>
  <leader>02306cjm a22004091a 4500</leader>
  <controlfield tag="001">5791021</controlfield>
  <controlfield tag="005">19980619143434.8</controlfield>
  <controlfield tag="007">st|omndmbunnue</controlfield>
  <controlfield tag="008">980513s1962    dcuuun                   </controlfield>
  <datafield tag="035" ind1=" " ind2=" ">
    <subfield code="9">(DLC)   98703030</subfield>
  </datafield>
  <datafield tag="906" ind1=" " ind2=" ">
    <subfield code="a">7</subfield>
    <subfield code="b">cbc</subfield>
    <subfield code="c">orignew</subfield>
    <subfield code="d">3</subfield>
    <subfield code="e">ncip</subfield>
    <subfield code="f">19</subfield>
    <subfield code="g">y-genmusic</subfield>
  </datafield>
  <datafield tag="010" ind1=" " ind2=" ">
    <subfield code="a">   98703030 </subfield>
  </datafield>
  <datafield tag="033" ind1="0" ind2=" ">
    <subfield code="a">19620427</subfield>
    <subfield code="b">3850</subfield>
  </datafield>
  <datafield tag="040" ind1=" " ind2=" ">
    <subfield code="a">DLC</subfield>
    <subfield code="c">DLC</subfield>
    <subfield code="d">DLC</subfield>
  </datafield>
  <datafield tag="050" ind1="0" ind2="0">
    <subfield code="a">LWO 3652 (10 in. master)</subfield>
  </datafield>
  <datafield tag="110" ind1="2" ind2=" ">
    <subfield code="a">Philadelphia Woodwind Quintet.</subfield>
    <subfield code="4">prf</subfield>
  </datafield>
  <datafield tag="245" ind1="1" ind2="0">
    <subfield code="a">[Library of Congress Music Division concert, 1962-04-27]</subfield>
    <subfield code="h">[sound recording].</subfield>
  </datafield>
  <datafield tag="260" ind1=" " ind2=" ">
    <subfield code="c">1962.</subfield>
  </datafield>
  <datafield tag="300" ind1=" " ind2=" ">
    <subfield code="a">1 sound tape reel :</subfield>
    <subfield code="b">analog, 7 1/2 ips, 2 track, mono. ;</subfield>
    <subfield code="c">10 in. +</subfield>
    <subfield code="e">1 program ( 4 p.)</subfield>
  </datafield>
  <datafield tag="500" ind1=" " ind2=" ">
    <subfield code="a">For flute, oboe, clarinet, horn, and bassoon.</subfield>
  </datafield>
  <datafield tag="511" ind1="0" ind2=" ">
    <subfield code="a">Philadelphia Woodwind Quintet.</subfield>
  </datafield>
  <datafield tag="518" ind1=" " ind2=" ">
    <subfield code="a">Recorded in the Coolidge Auditorium of the Library of Congress, Washington, D.C., Apr. 27, 1962.</subfield>
  </datafield>
  <datafield tag="500" ind1=" " ind2=" ">
    <subfield code="a">Concert given under the auspices of the Nicholas Longworth Foundation in the Library of Congress.</subfield>
  </datafield>
  <datafield tag="500" ind1=" " ind2=" ">
    <subfield code="a">Produced by the Music Division and the Recording Laboratory of the Library of Congress.</subfield>
  </datafield>
  <datafield tag="505" ind1="0" ind2=" ">
    <subfield code="a">Quintet no. 3 in F major / Giovanni Giuseppe Cambini -- Five movements from Music for this time of year (1954). Rondeau/Prelude ; Under pleasant glass ; The furious cherubim ; Never for love, they say ; Herald of freedom / Burrill Phillips -- Quintet, op. 51 (1952) / Wallingford Riegger -- Chants alizš : op. 125, for wind quintet (1951) / Florent Schmitt -- Quintet in D minor, op. 68, no. 3 / Franz Danzi.</subfield>
  </datafield>
  <datafield tag="500" ind1=" " ind2=" ">
    <subfield code="a">Cataloged from printed program; actual tape contents may vary.</subfield>
  </datafield>
  <datafield tag="650" ind1=" " ind2="0">
    <subfield code="a">Wind quintets (Bassoon, clarinet, flute, horn, oboe)</subfield>
  </datafield>
  <datafield tag="700" ind1="1" ind2="2">
    <subfield code="a">Cambini, Giuseppe Maria,</subfield>
    <subfield code="d">1746-1825.</subfield>
    <subfield code="t">Quintets,</subfield>
    <subfield code="m">winds.</subfield>
    <subfield code="n">No. 3.</subfield>
  </datafield>
  <datafield tag="700" ind1="1" ind2="2">
    <subfield code="a">Phillips, Burrill.</subfield>
    <subfield code="t">Music for this time of year.</subfield>
    <subfield code="k">Selections.</subfield>
  </datafield>
  <datafield tag="700" ind1="1" ind2="2">
    <subfield code="a">Riegger, Wallingford,</subfield>
    <subfield code="d">1885-1961.</subfield>
    <subfield code="t">Quintets,</subfield>
    <subfield code="m">winds,</subfield>
    <subfield code="n">op. 51.</subfield>
  </datafield>
  <datafield tag="700" ind1="1" ind2="2">
    <subfield code="a">Schmitt, Florent,</subfield>
    <subfield code="d">1870-1958.</subfield>
    <subfield code="t">Chants alizš.</subfield>
  </datafield>
  <datafield tag="700" ind1="1" ind2="2">
    <subfield code="a">Danzi, Franz,</subfield>
    <subfield code="d">1763-1826.</subfield>
    <subfield code="t">Quintets,</subfield>
    <subfield code="m">winds,</subfield>
    <subfield code="n">op. 68.</subfield>
    <subfield code="n">No. 3.</subfield>
  </datafield>
  <datafield tag="710" ind1="2" ind2=" ">
    <subfield code="a">Library of Congress.</subfield>
    <subfield code="b">Nicholas Longworth Foundation.</subfield>
    <subfield code="4">fnd</subfield>
  </datafield>
  <datafield tag="710" ind1="2" ind2=" ">
    <subfield code="a">Library of Congress.</subfield>
    <subfield code="b">Music Division.</subfield>
  </datafield>
  <datafield tag="710" ind1="2" ind2=" ">
    <subfield code="a">Library of Congress.</subfield>
    <subfield code="b">Recording Laboratory.</subfield>
  </datafield>
  <datafield tag="953" ind1=" " ind2=" ">
    <subfield code="a">TA28</subfield>
  </datafield>
  <datafield tag="991" ind1=" " ind2=" ">
    <subfield code="b">c-RecSound</subfield>
    <subfield code="h">LWO 3652 (10 in. master)</subfield>
    <subfield code="w">MUSIC</subfield>
  </datafield>
</record>