
<record>
  <leader>01012ncm a2200277 a 4500</leader>
  <controlfield tag="001">5605225</controlfield>
  <controlfield tag="005">19880307000000.0</controlfield>
  <controlfield tag="008">870921s1965    gw uuz         n         </controlfield>
  <datafield tag="035" ind1=" " ind2=" ">
    <subfield code="9">(DLC)   87753657</subfield>
  </datafield>
  <datafield tag="906" ind1=" " ind2=" ">
    <subfield code="a">7</subfield>
    <subfield code="b">cbc</subfield>
    <subfield code="c">orignew</subfield>
    <subfield code="d">4</subfield>
    <subfield code="e">ncip</subfield>
    <subfield code="f">19</subfield>
    <subfield code="g">y-genmusic</subfield>
  </datafield>
  <datafield tag="010" ind1=" " ind2=" ">
    <subfield code="a">   87753657 </subfield>
  </datafield>
  <datafield tag="028" ind1="2" ind2="2">
    <subfield code="a">WM 1859 SM</subfield>
    <subfield code="b">W. Muller</subfield>
  </datafield>
  <datafield tag="040" ind1=" " ind2=" ">
    <subfield code="a">DLC</subfield>
    <subfield code="c">DLC</subfield>
    <subfield code="d"></subfield>
  </datafield>
  <datafield tag="048" ind1=" " ind2=" ">
    <subfield code="a">wa01</subfield>
    <subfield code="a">sa01</subfield>
    <subfield code="a">sc01</subfield>
  </datafield>
  <datafield tag="050" ind1="0" ind2="0">
    <subfield code="a">M362</subfield>
    <subfield code="b">.D2 op. 71, no. 3 1965</subfield>
  </datafield>
  <datafield tag="100" ind1="1" ind2=" ">
    <subfield code="a">Danzi, Franz,</subfield>
    <subfield code="d">1763-1826.</subfield>
  </datafield>
  <datafield tag="240" ind1="1" ind2="0">
    <subfield code="a">Trios,</subfield>
    <subfield code="m">flute, violin, violoncello,</subfield>
    <subfield code="n">op. 71.</subfield>
    <subfield code="n">No. 3</subfield>
  </datafield>
  <datafield tag="245" ind1="0" ind2="0">
    <subfield code="a">Trio fur Flt̲e, Violine und Violoncello op. 71/3 (D-Dur) /</subfield>
    <subfield code="c">Franz Danzi ; [herausgegeben von] Dieter Sonntag.</subfield>
  </datafield>
  <datafield tag="254" ind1=" " ind2=" ">
    <subfield code="a">Stimm</subfield>
  </datafield>
  <datafield tag="260" ind1=" " ind2=" ">
    <subfield code="a">Heidelberg :</subfield>
    <subfield code="b">W. Muller ;</subfield>
    <subfield code="a">New York, N.Y. :</subfield>
    <subfield code="b">Sole agents for USA and Canada, C.F. Peters,</subfield>
    <subfield code="c">c1965.</subfield>
  </datafield>
  <datafield tag="300" ind1=" " ind2=" ">
    <subfield code="a">3 parts ;</subfield>
    <subfield code="c">32</subfield>
  </datafield>
  <datafield tag="440" ind1=" " ind2="0">
    <subfield code="a">Palatina-Musikarchiv</subfield>
  </datafield>
  <datafield tag="650" ind1=" " ind2="0">
    <subfield code="a">Trios (Flute, violin, violoncello)</subfield>
    <subfield code="x">Parts.</subfield>
  </datafield>
  <datafield tag="700" ind1="1" ind2=" ">
    <subfield code="a">Sonntag, Dieter.</subfield>
  </datafield>
  <datafield tag="953" ind1=" " ind2=" ">
    <subfield code="a">TA28</subfield>
  </datafield>
  <datafield tag="991" ind1=" " ind2=" ">
    <subfield code="b">c-Music</subfield>
    <subfield code="h">M362</subfield>
    <subfield code="i">.D2 op. 71, no. 3 1965</subfield>
    <subfield code="t">Copy 1</subfield>
    <subfield code="w">MUSIC</subfield>
  </datafield>
</record>