
<record>
  <leader>02194njm a22004571a 4500</leader>
  <controlfield tag="001">5779804</controlfield>
  <controlfield tag="005">19970404154940.4</controlfield>
  <controlfield tag="007">st|osndmbunnue</controlfield>
  <controlfield tag="008">970124s1967    dcuuun                   </controlfield>
  <datafield tag="035" ind1=" " ind2=" ">
    <subfield code="9">(DLC)   97700332</subfield>
  </datafield>
  <datafield tag="906" ind1=" " ind2=" ">
    <subfield code="a">7</subfield>
    <subfield code="b">cbc</subfield>
    <subfield code="c">orignew</subfield>
    <subfield code="d">3</subfield>
    <subfield code="e">ncip</subfield>
    <subfield code="f">19</subfield>
    <subfield code="g">y-genmusic</subfield>
  </datafield>
  <datafield tag="955" ind1=" " ind2=" ">
    <subfield code="a">vk03 01-23-97</subfield>
  </datafield>
  <datafield tag="010" ind1=" " ind2=" ">
    <subfield code="a">   97700332 </subfield>
  </datafield>
  <datafield tag="033" ind1="0" ind2=" ">
    <subfield code="a">19670303</subfield>
    <subfield code="b">3850</subfield>
  </datafield>
  <datafield tag="040" ind1=" " ind2=" ">
    <subfield code="a">DLC</subfield>
    <subfield code="c">DLC</subfield>
  </datafield>
  <datafield tag="050" ind1="0" ind2="0">
    <subfield code="a">LWO 4997 </subfield>
  </datafield>
  <datafield tag="050" ind1="0" ind2="0">
    <subfield code="a">LWO 4920 (edited for broadcast)</subfield>
  </datafield>
  <datafield tag="110" ind1="2" ind2=" ">
    <subfield code="a">New York Woodwind Quintet.</subfield>
    <subfield code="4">prf</subfield>
  </datafield>
  <datafield tag="245" ind1="1" ind2="0">
    <subfield code="a">[Library of Congress Music Division concert, 1967-03-03]</subfield>
    <subfield code="h">[sound recording].</subfield>
  </datafield>
  <datafield tag="260" ind1=" " ind2=" ">
    <subfield code="c">1967.</subfield>
  </datafield>
  <datafield tag="300" ind1=" " ind2=" ">
    <subfield code="a">2 sound tape reels :</subfield>
    <subfield code="b">analog, 7 1/2 ips, 2 track, stereo. ;</subfield>
    <subfield code="c">10 in. +</subfield>
    <subfield code="e">1 program ( 3 p.)</subfield>
  </datafield>
  <datafield tag="300" ind1=" " ind2=" ">
    <subfield code="a">2 sound tape reels :</subfield>
    <subfield code="b">analog, 7 1/2 ips, 2 track, stereo. ;</subfield>
    <subfield code="c">10 in.</subfield>
  </datafield>
  <datafield tag="500" ind1=" " ind2=" ">
    <subfield code="a">For flute, oboe, clarinet, bassoon, horn.</subfield>
  </datafield>
  <datafield tag="511" ind1="0" ind2=" ">
    <subfield code="a">New York Woodwind Quintet.</subfield>
  </datafield>
  <datafield tag="518" ind1=" " ind2=" ">
    <subfield code="a">Recorded in the Coolidge Auditorium of the Library of Congress, Washington, D.C., Mar. 3, 1967.</subfield>
  </datafield>
  <datafield tag="500" ind1=" " ind2=" ">
    <subfield code="a">Concert given under the auspices of the Gertrude Clarke Whittall Foundation in the Library of Congress.</subfield>
  </datafield>
  <datafield tag="500" ind1=" " ind2=" ">
    <subfield code="a">Produced by the Music Division and the Recording Laboratory of the Library of Congress.</subfield>
  </datafield>
  <datafield tag="500" ind1=" " ind2=" ">
    <subfield code="a">Version edited for broadcast: LWO 4920.</subfield>
  </datafield>
  <datafield tag="505" ind1="0" ind2=" ">
    <subfield code="a">Quintet in B flat major, op. 56, no. 1 / Franz Danzi -- Quintet no. 2 (1961) / William Sydeman -- Quintet (1956) / Walter Piston -- Quintet (1948) / Elliott Carter.</subfield>
  </datafield>
  <datafield tag="500" ind1=" " ind2=" ">
    <subfield code="a">Cataloged from printed program; actual tape contents may vary.</subfield>
  </datafield>
  <datafield tag="650" ind1=" " ind2="0">
    <subfield code="a">Wind quintets (Bassoon, clarinet, flute, horn, oboe)</subfield>
  </datafield>
  <datafield tag="700" ind1="1" ind2="2">
    <subfield code="a">Danzi, Franz,</subfield>
    <subfield code="d">1763-1826.</subfield>
    <subfield code="t">Quintets,</subfield>
    <subfield code="m">winds,</subfield>
    <subfield code="n">op. 56.</subfield>
    <subfield code="n">No. 1.</subfield>
  </datafield>
  <datafield tag="700" ind1="1" ind2="2">
    <subfield code="a">Sydeman, William,</subfield>
    <subfield code="d">1928-</subfield>
    <subfield code="t">Quintet,</subfield>
    <subfield code="m">winds.</subfield>
  </datafield>
  <datafield tag="700" ind1="1" ind2="2">
    <subfield code="a">Piston, Walter,</subfield>
    <subfield code="d">1894-1976.</subfield>
    <subfield code="t">Quintets,</subfield>
    <subfield code="m">winds.</subfield>
  </datafield>
  <datafield tag="700" ind1="1" ind2="2">
    <subfield code="a">Carter, Elliott,</subfield>
    <subfield code="d">1908-</subfield>
    <subfield code="t">Quintets,</subfield>
    <subfield code="m">winds.</subfield>
  </datafield>
  <datafield tag="710" ind1="2" ind2=" ">
    <subfield code="a">Library of Congress.</subfield>
    <subfield code="b">Gertrude Clarke Whittall Foundation.</subfield>
    <subfield code="4">fnd</subfield>
  </datafield>
  <datafield tag="710" ind1="2" ind2=" ">
    <subfield code="a">Library of Congress.</subfield>
    <subfield code="b">Music Division.</subfield>
  </datafield>
  <datafield tag="710" ind1="2" ind2=" ">
    <subfield code="a">Library of Congress.</subfield>
    <subfield code="b">Recording Laboratory.</subfield>
  </datafield>
  <datafield tag="953" ind1=" " ind2=" ">
    <subfield code="a">TA28</subfield>
  </datafield>
  <datafield tag="991" ind1=" " ind2=" ">
    <subfield code="b">c-RecSound</subfield>
    <subfield code="h">LWO 4997 </subfield>
    <subfield code="w">MUSIC</subfield>
  </datafield>
  <datafield tag="991" ind1=" " ind2=" ">
    <subfield code="b">c-RecSound</subfield>
    <subfield code="h">LWO 4920 (edited for broadcast)</subfield>
    <subfield code="w">MUSIC</subfield>
  </datafield>
</record>