
<record>
  <leader>01238njm a2200313 a 4500</leader>
  <controlfield tag="001">5782498</controlfield>
  <controlfield tag="005">19970709164728.0</controlfield>
  <controlfield tag="007">sd|bmmdnnmplue</controlfield>
  <controlfield tag="008">970701s196u    hu dvn                   </controlfield>
  <datafield tag="035" ind1=" " ind2=" ">
    <subfield code="9">(DLC)   97703692</subfield>
  </datafield>
  <datafield tag="906" ind1=" " ind2=" ">
    <subfield code="a">7</subfield>
    <subfield code="b">cbc</subfield>
    <subfield code="c">orignew</subfield>
    <subfield code="d">3</subfield>
    <subfield code="e">ncip</subfield>
    <subfield code="f">19</subfield>
    <subfield code="g">y-genmusic</subfield>
  </datafield>
  <datafield tag="955" ind1=" " ind2=" ">
    <subfield code="a">vl25 07-01-97</subfield>
  </datafield>
  <datafield tag="010" ind1=" " ind2=" ">
    <subfield code="a">   97703692 </subfield>
  </datafield>
  <datafield tag="028" ind1="0" ind2="2">
    <subfield code="a">LP 1607</subfield>
    <subfield code="b">Qualiton</subfield>
  </datafield>
  <datafield tag="040" ind1=" " ind2=" ">
    <subfield code="a">DLC</subfield>
    <subfield code="c">DLC</subfield>
  </datafield>
  <datafield tag="050" ind1="0" ind2="0">
    <subfield code="a">Qualiton LP 1607</subfield>
  </datafield>
  <datafield tag="100" ind1="1" ind2=" ">
    <subfield code="a">Danzi, Franz,</subfield>
    <subfield code="d">1763-1826.</subfield>
  </datafield>
  <datafield tag="240" ind1="1" ind2="0">
    <subfield code="a">Quintets,</subfield>
    <subfield code="m">winds,</subfield>
    <subfield code="n">op. 56.</subfield>
    <subfield code="n">No. 2</subfield>
  </datafield>
  <datafield tag="245" ind1="0" ind2="0">
    <subfield code="a">Divertimento g-Moll op. 56</subfield>
    <subfield code="h">[sound recording] /</subfield>
    <subfield code="c">F. Danzi. Pentaerophonia : tre pezzi per quintetto a fiati / Rǹki Gyr̲gy.</subfield>
  </datafield>
  <datafield tag="260" ind1=" " ind2=" ">
    <subfield code="a">Hungary :</subfield>
    <subfield code="b">Qualiton,</subfield>
    <subfield code="c">[196-]</subfield>
  </datafield>
  <datafield tag="300" ind1=" " ind2=" ">
    <subfield code="a">1 sound disc :</subfield>
    <subfield code="b">analog, 33 1/3 rpm, mono. ;</subfield>
    <subfield code="c">10 in.</subfield>
  </datafield>
  <datafield tag="511" ind1="0" ind2=" ">
    <subfield code="a">Hungarian Woodwind Quintet (Attila Lajos, flute; Pťer Pongrc̀z, oboe; Bľa Kovc̀s, clarinet; Ferenc Tarjǹi, horn; Tibor Fulemile, bassoon)</subfield>
  </datafield>
  <datafield tag="650" ind1=" " ind2="0">
    <subfield code="a">Suites (Bassoon, clarinet, flute, horn, ob</subfield>
  </datafield>
  <datafield tag="650" ind1=" " ind2="0">
    <subfield code="a">Wind quintets (Bassoon, clarinet, flute, horn, oboe)</subfield>
  </datafield>
  <datafield tag="700" ind1="1" ind2="2">
    <subfield code="a">Rǹki, Gyr̲gy,</subfield>
    <subfield code="d">1907-</subfield>
    <subfield code="t">Pentaerophonia.</subfield>
  </datafield>
  <datafield tag="710" ind1="2" ind2=" ">
    <subfield code="a">Magyar Fv͠s̤t̲s̲.</subfield>
    <subfield code="4">prf</subfield>
  </datafield>
  <datafield tag="740" ind1="0" ind2="2">
    <subfield code="a">Pentaerophonia.</subfield>
  </datafield>
  <datafield tag="953" ind1=" " ind2=" ">
    <subfield code="a">TA28</subfield>
  </datafield>
  <datafield tag="991" ind1=" " ind2=" ">
    <subfield code="b">c-RecSound</subfield>
    <subfield code="h">Qualiton LP 1607</subfield>
    <subfield code="w">MUSIC</subfield>
  </datafield>
</record>