
<record>
  <leader>01775njm a2200349 a 4500</leader>
  <controlfield tag="001">5737757</controlfield>
  <controlfield tag="005">19970711150855.0</controlfield>
  <controlfield tag="007">sd|bsmennmplue</controlfield>
  <controlfield tag="008">950913s1972    au uun                   </controlfield>
  <datafield tag="035" ind1=" " ind2=" ">
    <subfield code="9">(DLC)   95705047</subfield>
  </datafield>
  <datafield tag="906" ind1=" " ind2=" ">
    <subfield code="a">7</subfield>
    <subfield code="b">cbc</subfield>
    <subfield code="c">orignew</subfield>
    <subfield code="d">3</subfield>
    <subfield code="e">ncip</subfield>
    <subfield code="f">19</subfield>
    <subfield code="g">y-genmusic</subfield>
  </datafield>
  <datafield tag="010" ind1=" " ind2=" ">
    <subfield code="a">   95705047 </subfield>
  </datafield>
  <datafield tag="028" ind1="0" ind2="2">
    <subfield code="a">93-095</subfield>
    <subfield code="b">Pick</subfield>
  </datafield>
  <datafield tag="040" ind1=" " ind2=" ">
    <subfield code="a">DLC</subfield>
    <subfield code="c">DLC</subfield>
  </datafield>
  <datafield tag="050" ind1="0" ind2="0">
    <subfield code="a">Pick 93-095</subfield>
  </datafield>
  <datafield tag="110" ind1="2" ind2=" ">
    <subfield code="a">Stalder-Quintett.</subfield>
    <subfield code="4">prf</subfield>
  </datafield>
  <datafield tag="245" ind1="1" ind2="0">
    <subfield code="a">Stalder-Quintett spielt Werke von Beethoven-Danzi-Rossini</subfield>
    <subfield code="h">[sound recording].</subfield>
  </datafield>
  <datafield tag="260" ind1=" " ind2=" ">
    <subfield code="a">Switzerland :</subfield>
    <subfield code="b">Pick,</subfield>
    <subfield code="c">p1972.</subfield>
  </datafield>
  <datafield tag="300" ind1=" " ind2=" ">
    <subfield code="a">1 sound disc :</subfield>
    <subfield code="b">analog, 33 1/3 rpm, stereo. ;</subfield>
    <subfield code="c">12 in.</subfield>
  </datafield>
  <datafield tag="500" ind1=" " ind2=" ">
    <subfield code="a">Title from container.</subfield>
  </datafield>
  <datafield tag="505" ind1="0" ind2=" ">
    <subfield code="a">Quintett in Es-Dur (nach dem Sextett op. 71) fur Flt̲e, Oboe, Klarinette, Horn und Fagott ; Duo Nr. 3 in B-Dur (WoO 27) fur Klarinette und Fagott / Ludwig van Beethoven -- Quintett in g-Moll, op. 56 Nr. 2 fur Flt̲e, Oboe, Klarinette, Horn und Fagott / Franz Danzi -- Quartett in F-Dur (Nr. 6) fur Flt̲e, Klarinette, Horn und Fagott / Gioacchino Rossini.</subfield>
  </datafield>
  <datafield tag="650" ind1=" " ind2="0">
    <subfield code="a">Wind quintets (Bassoon, clarinet, flute, horn, oboe</subfield>
  </datafield>
  <datafield tag="650" ind1=" " ind2="0">
    <subfield code="a">Bassoon and clarinet music.</subfield>
  </datafield>
  <datafield tag="650" ind1=" " ind2="0">
    <subfield code="a">Wind quintets (Bassoon, clarinet, flute, horn, oboe)</subfield>
  </datafield>
  <datafield tag="650" ind1=" " ind2="0">
    <subfield code="a">Wind quartets (Bassoon, clarinet, flute, horn)</subfield>
  </datafield>
  <datafield tag="650" ind1=" " ind2="0">
    <subfield code="a">Variations (Bassoon, clarinet, flute, horn)</subfield>
  </datafield>
  <datafield tag="700" ind1="1" ind2="2">
    <subfield code="a">Beethoven, Ludwig van,</subfield>
    <subfield code="d">1770-1827.</subfield>
    <subfield code="t">Sextets,</subfield>
    <subfield code="m">clarinets, horns, bassoons,</subfield>
    <subfield code="n">op. 71,</subfield>
    <subfield code="r">Eb major;</subfield>
    <subfield code="o">arr.</subfield>
  </datafield>
  <datafield tag="700" ind1="1" ind2="2">
    <subfield code="a">Beethoven, Ludwig van,</subfield>
    <subfield code="d">1770-1827.</subfield>
    <subfield code="t">Duets,</subfield>
    <subfield code="m">clarinet, bassoon,</subfield>
    <subfield code="n">WoO 27.</subfield>
    <subfield code="n">No. 3.</subfield>
  </datafield>
  <datafield tag="700" ind1="1" ind2="2">
    <subfield code="a">Danzi, Franz,</subfield>
    <subfield code="d">1763-1826.</subfield>
    <subfield code="t">Quintets,</subfield>
    <subfield code="m">winds,</subfield>
    <subfield code="n">op. 56.</subfield>
    <subfield code="n">No. 2.</subfield>
  </datafield>
  <datafield tag="700" ind1="1" ind2="2">
    <subfield code="a">Rossini, Gioacchino,</subfield>
    <subfield code="d">1792-1868.</subfield>
    <subfield code="t">Tema con variazioni,</subfield>
    <subfield code="m">woodwinds, horn,</subfield>
    <subfield code="r">F major</subfield>
  </datafield>
  <datafield tag="953" ind1=" " ind2=" ">
    <subfield code="a">TA28</subfield>
  </datafield>
  <datafield tag="991" ind1=" " ind2=" ">
    <subfield code="b">c-RecSound</subfield>
    <subfield code="h">Pick 93-095</subfield>
    <subfield code="w">MUSIC</subfield>
  </datafield>
</record>