
<record>
  <leader>02683njm a22004811a 4500</leader>
  <controlfield tag="001">5769761</controlfield>
  <controlfield tag="005">19970321115356.2</controlfield>
  <controlfield tag="007">st|osndmbunnue</controlfield>
  <controlfield tag="008">961022s1972    dcuuun                   </controlfield>
  <datafield tag="035" ind1=" " ind2=" ">
    <subfield code="9">(DLC)   96706053</subfield>
  </datafield>
  <datafield tag="906" ind1=" " ind2=" ">
    <subfield code="a">7</subfield>
    <subfield code="b">cbc</subfield>
    <subfield code="c">orignew</subfield>
    <subfield code="d">3</subfield>
    <subfield code="e">ncip</subfield>
    <subfield code="f">19</subfield>
    <subfield code="g">y-genmusic</subfield>
  </datafield>
  <datafield tag="010" ind1=" " ind2=" ">
    <subfield code="a">   96706053 </subfield>
  </datafield>
  <datafield tag="033" ind1="0" ind2=" ">
    <subfield code="a">19721124</subfield>
    <subfield code="b">3850</subfield>
  </datafield>
  <datafield tag="040" ind1=" " ind2=" ">
    <subfield code="a">DLC</subfield>
    <subfield code="c">DLC</subfield>
  </datafield>
  <datafield tag="050" ind1="0" ind2="0">
    <subfield code="a">LWO 7095 </subfield>
  </datafield>
  <datafield tag="050" ind1="0" ind2="0">
    <subfield code="a">LWO 7108 (edited for broadcast)</subfield>
  </datafield>
  <datafield tag="110" ind1="2" ind2=" ">
    <subfield code="a">New York Woodwind Quintet.</subfield>
    <subfield code="4">prf</subfield>
  </datafield>
  <datafield tag="245" ind1="1" ind2="0">
    <subfield code="a">[Library of Congress Music Division concert, 1972-11-24]</subfield>
    <subfield code="h">[sound recording].</subfield>
  </datafield>
  <datafield tag="260" ind1=" " ind2=" ">
    <subfield code="c">1972.</subfield>
  </datafield>
  <datafield tag="300" ind1=" " ind2=" ">
    <subfield code="a">2 sound tape reels :</subfield>
    <subfield code="b">analog, 7 1/2 ips, 2 track, stereo. ;</subfield>
    <subfield code="c">10 in. +</subfield>
    <subfield code="e">1 program ( 4 p.)</subfield>
  </datafield>
  <datafield tag="300" ind1=" " ind2=" ">
    <subfield code="a">2 sound tape reels :</subfield>
    <subfield code="b">analog, 7 1/2 ips, 2 track, stereo. ;</subfield>
    <subfield code="c">10 in.</subfield>
  </datafield>
  <datafield tag="500" ind1=" " ind2=" ">
    <subfield code="a">The 1st work originally for 2 oboes and English horn.</subfield>
  </datafield>
  <datafield tag="511" ind1="0" ind2=" ">
    <subfield code="a">New York Woodwind Quintet.</subfield>
  </datafield>
  <datafield tag="518" ind1=" " ind2=" ">
    <subfield code="a">Recorded in the Coolidge Auditorium of the Library of Congress, Washington, D.C., Nov. 24, 1972.</subfield>
  </datafield>
  <datafield tag="500" ind1=" " ind2=" ">
    <subfield code="a">Concert given under the auspices of the Gertrude Clarke Whittall Foundation in the Library of Congress.</subfield>
  </datafield>
  <datafield tag="500" ind1=" " ind2=" ">
    <subfield code="a">Produced by the Music Division and the Recording Laboratory of the Library of Congress.</subfield>
  </datafield>
  <datafield tag="500" ind1=" " ind2=" ">
    <subfield code="a">Version edited for broadcast: LWO 7108.</subfield>
  </datafield>
  <datafield tag="505" ind1="0" ind2=" ">
    <subfield code="a">Variations on &quot;La ci darem la mano&quot; : from Mozart&apos;s Don Giovanni (1796-97) / Ludwig van Beethoven ; transcribed for woodwind quintet by Ronald Roseman -- Quartet in C major for woodwinds (1941) / Arthur Berger -- Quintet in E minor, op. 67, no. 2 (1824) / Franz Danzi -- Trios and fantasy : for woodwind quintet, 1972 : world premiere / Ezra Laderman -- Quintet in G minor (publ. 1878) / Claude Paul Taffanel.</subfield>
  </datafield>
  <datafield tag="500" ind1=" " ind2=" ">
    <subfield code="a">Cataloged from printed program; actual tape contents may vary.</subfield>
  </datafield>
  <datafield tag="650" ind1=" " ind2="0">
    <subfield code="a">Variations (Bassoon, clarinet, flute, horn, oboe), Arranged.</subfield>
  </datafield>
  <datafield tag="650" ind1=" " ind2="0">
    <subfield code="a">Woodwind quartets (Bassoon, clarinet, flute, oboe)</subfield>
  </datafield>
  <datafield tag="650" ind1=" " ind2="0">
    <subfield code="a">Wind quintets (Bassoon, clarinet, flute, horn, oboe)</subfield>
  </datafield>
  <datafield tag="700" ind1="1" ind2="2">
    <subfield code="a">Beethoven, Ludwig van,</subfield>
    <subfield code="d">1770-1827.</subfield>
    <subfield code="t">Variationen uber L ̉ci darem la mano;</subfield>
    <subfield code="o">arr.</subfield>
  </datafield>
  <datafield tag="700" ind1="1" ind2="2">
    <subfield code="a">Berger, Arthur,</subfield>
    <subfield code="d">1912- </subfield>
    <subfield code="t">Quartets,</subfield>
    <subfield code="m">woodwinds,</subfield>
    <subfield code="r">C maj</subfield>
  </datafield>
  <datafield tag="700" ind1="1" ind2="2">
    <subfield code="a">Danzi, Franz,</subfield>
    <subfield code="d">1763-1826.</subfield>
    <subfield code="t">Quintets,</subfield>
    <subfield code="m">winds,</subfield>
    <subfield code="n">op. 67.</subfield>
    <subfield code="n">No. 2.</subfield>
  </datafield>
  <datafield tag="700" ind1="1" ind2="2">
    <subfield code="a">Laderman, Ezra.</subfield>
    <subfield code="t">Trios and fantasy.</subfield>
  </datafield>
  <datafield tag="700" ind1="1" ind2="2">
    <subfield code="a">Taffanel, Claude Paul,</subfield>
    <subfield code="d">1844-1908.</subfield>
    <subfield code="t">Quintet,</subfield>
    <subfield code="m">winds,</subfield>
    <subfield code="r">G minor.</subfield>
  </datafield>
  <datafield tag="710" ind1="2" ind2=" ">
    <subfield code="a">Library of Congress.</subfield>
    <subfield code="b">Gertrude Clarke Whittall Foundation.</subfield>
    <subfield code="4">fnd</subfield>
  </datafield>
  <datafield tag="710" ind1="2" ind2=" ">
    <subfield code="a">Library of Congress.</subfield>
    <subfield code="b">Music Division.</subfield>
  </datafield>
  <datafield tag="710" ind1="2" ind2=" ">
    <subfield code="a">Library of Congress.</subfield>
    <subfield code="b">Recording Laboratory.</subfield>
  </datafield>
  <datafield tag="953" ind1=" " ind2=" ">
    <subfield code="a">TA28</subfield>
  </datafield>
  <datafield tag="991" ind1=" " ind2=" ">
    <subfield code="b">c-RecSound</subfield>
    <subfield code="h">LWO 7095 </subfield>
    <subfield code="w">MUSIC</subfield>
  </datafield>
  <datafield tag="991" ind1=" " ind2=" ">
    <subfield code="b">c-RecSound</subfield>
    <subfield code="h">LWO 7108 (edited for broadcast)</subfield>
    <subfield code="w">MUSIC</subfield>
  </datafield>
</record>