
<record>
  <leader>01628cjm a2200313u  4500</leader>
  <controlfield tag="001">6224250</controlfield>
  <controlfield tag="005">20030422144146.0</controlfield>
  <controlfield tag="008">860714s1973    xx nnn                   </controlfield>
  <datafield tag="035" ind1=" " ind2=" ">
    <subfield code="9">(DLC)   76750358</subfield>
  </datafield>
  <datafield tag="906" ind1=" " ind2=" ">
    <subfield code="a">0</subfield>
    <subfield code="b">cbc</subfield>
    <subfield code="c">premunv</subfield>
    <subfield code="d">u</subfield>
    <subfield code="e">ncip</subfield>
    <subfield code="f">19</subfield>
    <subfield code="g">y-gencatlg</subfield>
  </datafield>
  <datafield tag="010" ind1=" " ind2=" ">
    <subfield code="a">   76750358 </subfield>
  </datafield>
  <datafield tag="040" ind1=" " ind2=" ">
    <subfield code="a">DLC</subfield>
    <subfield code="c">CarP</subfield>
    <subfield code="d">DLC</subfield>
  </datafield>
  <datafield tag="050" ind1="1" ind2="0">
    <subfield code="a">M256</subfield>
  </datafield>
  <datafield tag="245" ind1="0" ind2="0">
    <subfield code="a">Music for horn and piano.</subfield>
    <subfield code="h">[Sound recording]</subfield>
  </datafield>
  <datafield tag="260" ind1=" " ind2=" ">
    <subfield code="a">[n.p.]</subfield>
    <subfield code="b">London CS 6938.</subfield>
    <subfield code="c">p1975.</subfield>
  </datafield>
  <datafield tag="300" ind1=" " ind2=" ">
    <subfield code="a">1 disc. 33 1/3 rpm. stereo. 12 in.</subfield>
  </datafield>
  <datafield tag="500" ind1=" " ind2=" ">
    <subfield code="a">Title from container.</subfield>
  </datafield>
  <datafield tag="500" ind1=" " ind2=" ">
    <subfield code="a">Barry Tuckwell, horn; Vladimir Ashkenazy, piano.</subfield>
  </datafield>
  <datafield tag="500" ind1=" " ind2=" ">
    <subfield code="a">Recorded in Kingsway Hall, London.</subfield>
  </datafield>
  <datafield tag="500" ind1=" " ind2=" ">
    <subfield code="a">Program notes by Tuckwell on containr.</subfield>
  </datafield>
  <datafield tag="505" ind1="0" ind2=" ">
    <subfield code="a">Beethoven. Sonata in F major, op. 17 (ca. 12 min.) -- Schumann. Adagio and allegro in A flat major, op. 70 (8 min., 35 sec.) -- Danzi. Sonata in E flat major, op. 28 (ca. 20 min.) -- Saint-San͡s. Romance, op. 67 (8 min., 40 sec.)</subfield>
  </datafield>
  <datafield tag="650" ind1=" " ind2="0">
    <subfield code="a">Sonatas (Horn and piano) [from old catalog]</subfield>
  </datafield>
  <datafield tag="650" ind1=" " ind2="0">
    <subfield code="a">Horn and piano music. [from old catalog]</subfield>
  </datafield>
  <datafield tag="700" ind1="1" ind2=" ">
    <subfield code="a">Tuckwell, Barry. [from old catalog]</subfield>
  </datafield>
  <datafield tag="700" ind1="1" ind2=" ">
    <subfield code="a">Ashkenazy, Vladimir,</subfield>
    <subfield code="d">1937- [from old catalog]</subfield>
  </datafield>
  <datafield tag="700" ind1="1" ind2="2">
    <subfield code="a">Beethoven, Ludwig van,</subfield>
    <subfield code="d">1770-1827.</subfield>
    <subfield code="t">Sonata,</subfield>
    <subfield code="m">horn &amp; piano,</subfield>
    <subfield code="n">op. 17,</subfield>
    <subfield code="r">F major.</subfield>
    <subfield code="f">1975. [from old catalog]</subfield>
  </datafield>
  <datafield tag="700" ind1="1" ind2="2">
    <subfield code="a">Schumann, Robert Alexander,</subfield>
    <subfield code="d">1810-1856.</subfield>
    <subfield code="t">Adagio und Allegro,</subfield>
    <subfield code="m">horn &amp; piano,</subfield>
    <subfield code="n">op. 70,</subfield>
    <subfield code="r">Ab major.</subfield>
    <subfield code="f">1975. [from old catalog]</subfield>
  </datafield>
  <datafield tag="700" ind1="1" ind2="2">
    <subfield code="a">Danzi, Franz,</subfield>
    <subfield code="d">1763-1826.</subfield>
    <subfield code="t">Sonata,</subfield>
    <subfield code="m">horn &amp; piano,</subfield>
    <subfield code="n">op. 28,</subfield>
    <subfield code="r">Eb major.</subfield>
    <subfield code="f">1975. [from old catalog]</subfield>
  </datafield>
  <datafield tag="700" ind1="2" ind2="2">
    <subfield code="a">Saint-San͡s, Camille,</subfield>
    <subfield code="d">1835-1921.</subfield>
    <subfield code="t">Romance,</subfield>
    <subfield code="m">horn &amp; piano,</subfield>
    <subfield code="n">op. 67.</subfield>
    <subfield code="f">1975. [from old catalog]</subfield>
  </datafield>
</record>