
<record>
  <leader>01600cjm a22003491a 4500</leader>
  <controlfield tag="001">5584419</controlfield>
  <controlfield tag="005">20020708160315.0</controlfield>
  <controlfield tag="007">sdubsmennmplu</controlfield>
  <controlfield tag="008">850207q19801983sz snn                   </controlfield>
  <datafield tag="035" ind1=" " ind2=" ">
    <subfield code="9">(DLC)   83752193</subfield>
  </datafield>
  <datafield tag="906" ind1=" " ind2=" ">
    <subfield code="a">7</subfield>
    <subfield code="b">cbc</subfield>
    <subfield code="c">orignew</subfield>
    <subfield code="d">2</subfield>
    <subfield code="e">ncip</subfield>
    <subfield code="f">19</subfield>
    <subfield code="g">y-genmusic</subfield>
  </datafield>
  <datafield tag="010" ind1=" " ind2=" ">
    <subfield code="a">   83752193 </subfield>
  </datafield>
  <datafield tag="028" ind1="0" ind2="2">
    <subfield code="a">Disco 542</subfield>
    <subfield code="b">Jecklin</subfield>
  </datafield>
  <datafield tag="040" ind1=" " ind2=" ">
    <subfield code="a">DLC</subfield>
    <subfield code="c">DLC</subfield>
    <subfield code="d">DLC</subfield>
  </datafield>
  <datafield tag="048" ind1=" " ind2=" ">
    <subfield code="b">ba01</subfield>
    <subfield code="a">ka01</subfield>
  </datafield>
  <datafield tag="050" ind1="0" ind2="0">
    <subfield code="a">Jecklin Disco 542</subfield>
  </datafield>
  <datafield tag="245" ind1="0" ind2="0">
    <subfield code="a">Musik der Romantik fur Waldhorn und Klavier</subfield>
    <subfield code="h">[sound recording].</subfield>
  </datafield>
  <datafield tag="260" ind1=" " ind2=" ">
    <subfield code="a">Zurich :</subfield>
    <subfield code="b">Jecklin,</subfield>
    <subfield code="c">19</subfield>
  </datafield>
  <datafield tag="300" ind1=" " ind2=" ">
    <subfield code="a">1 sound disc :</subfield>
    <subfield code="b">33 1/3 rpm, stereo. ;</subfield>
    <subfield code="c">12</subfield>
  </datafield>
  <datafield tag="500" ind1=" " ind2=" ">
    <subfield code="a">Title from container.</subfield>
  </datafield>
  <datafield tag="511" ind1="0" ind2=" ">
    <subfield code="a">Jakob Hefti, horn ; Jurg von Vintschger, piano.</subfield>
  </datafield>
  <datafield tag="505" ind1="0" ind2=" ">
    <subfield code="a">Sonate F-Dur, op. 34 / Ferdinand Ries (Edition Schott 5670) -- Andante cantabile, op. posth. 86a / Richard Strauss (Boosey &amp; Hawkes) -- Sonate concertante e-Moll, op. 44 / Franz Danzi (Edition Sikorski 458) -- Adagio und Allegro As-Dur, op. 70 / Robert Schumann (Edition Breitkopf 84</subfield>
  </datafield>
  <datafield tag="650" ind1=" " ind2="0">
    <subfield code="a">Sonatas (Horn and piano)</subfield>
    <subfield code="y">19th century.</subfield>
  </datafield>
  <datafield tag="650" ind1=" " ind2="0">
    <subfield code="a">Horn and piano music</subfield>
    <subfield code="y">19th century.</subfield>
  </datafield>
  <datafield tag="700" ind1="1" ind2=" ">
    <subfield code="a">Hefti, Jakob.</subfield>
    <subfield code="4">prf</subfield>
  </datafield>
  <datafield tag="700" ind1="1" ind2=" ">
    <subfield code="a">Vintschger, Jurg von.</subfield>
    <subfield code="4">prf</subfield>
  </datafield>
  <datafield tag="700" ind1="1" ind2="2">
    <subfield code="a">Ries, Ferdinand,</subfield>
    <subfield code="d">1784-1838.</subfield>
    <subfield code="t">Sonatas,</subfield>
    <subfield code="m">horn, piano,</subfield>
    <subfield code="n">op. 34,</subfield>
    <subfield code="r">F maj</subfield>
  </datafield>
  <datafield tag="700" ind1="1" ind2="2">
    <subfield code="a">Strauss, Richard,</subfield>
    <subfield code="d">1864-1949.</subfield>
    <subfield code="t">Andantes,</subfield>
    <subfield code="m">horn, piano,</subfield>
    <subfield code="n">TrV 155,</subfield>
    <subfield code="r">C major.</subfield>
  </datafield>
  <datafield tag="700" ind1="1" ind2="2">
    <subfield code="a">Danzi, Franz,</subfield>
    <subfield code="d">1763-1826.</subfield>
    <subfield code="t">Sonatas,</subfield>
    <subfield code="m">horn, piano,</subfield>
    <subfield code="n">op. 44,</subfield>
    <subfield code="r">E major.</subfield>
  </datafield>
  <datafield tag="700" ind1="1" ind2="2">
    <subfield code="a">Schumann, Robert,</subfield>
    <subfield code="d">1810-1856.</subfield>
    <subfield code="t">Adagio und Allegro,</subfield>
    <subfield code="m">horn, piano,</subfield>
    <subfield code="n">op. 70,</subfield>
    <subfield code="r">Ab major.</subfield>
  </datafield>
  <datafield tag="953" ind1=" " ind2=" ">
    <subfield code="a">TA28</subfield>
  </datafield>
  <datafield tag="991" ind1=" " ind2=" ">
    <subfield code="b">c-RecSound</subfield>
    <subfield code="h">Jecklin Disco 542</subfield>
    <subfield code="w">MUSIC</subfield>
  </datafield>
</record>