
<record>
  <leader>01991cjm a2200409 a 4500</leader>
  <controlfield tag="001">5601159</controlfield>
  <controlfield tag="005">20020708155150.0</controlfield>
  <controlfield tag="007">sdubsmennmplu</controlfield>
  <controlfield tag="008">861125s1980    gw mun   i               </controlfield>
  <datafield tag="035" ind1=" " ind2=" ">
    <subfield code="9">(DLC)   86755098</subfield>
  </datafield>
  <datafield tag="906" ind1=" " ind2=" ">
    <subfield code="a">7</subfield>
    <subfield code="b">cbc</subfield>
    <subfield code="c">orignew</subfield>
    <subfield code="d">3</subfield>
    <subfield code="e">ncip</subfield>
    <subfield code="f">19</subfield>
    <subfield code="g">y-genmusic</subfield>
  </datafield>
  <datafield tag="010" ind1=" " ind2=" ">
    <subfield code="a">   86755098 </subfield>
  </datafield>
  <datafield tag="028" ind1="0" ind2="2">
    <subfield code="a">RBM 3058</subfield>
    <subfield code="b">RBM Records</subfield>
  </datafield>
  <datafield tag="040" ind1=" " ind2=" ">
    <subfield code="a">DLC</subfield>
    <subfield code="c">DLC</subfield>
    <subfield code="d">DLC</subfield>
  </datafield>
  <datafield tag="041" ind1="0" ind2=" ">
    <subfield code="g">gereng</subfield>
    <subfield code="h">ger</subfield>
  </datafield>
  <datafield tag="045" ind1="2" ind2=" ">
    <subfield code="b">d1781</subfield>
    <subfield code="b">d1818</subfield>
  </datafield>
  <datafield tag="047" ind1=" " ind2=" ">
    <subfield code="a">sn</subfield>
    <subfield code="a">vr</subfield>
  </datafield>
  <datafield tag="048" ind1=" " ind2=" ">
    <subfield code="b">sc01</subfield>
    <subfield code="a">ka01</subfield>
  </datafield>
  <datafield tag="050" ind1="0" ind2="0">
    <subfield code="a">RBM Records RBM 3058</subfield>
  </datafield>
  <datafield tag="100" ind1="1" ind2=" ">
    <subfield code="a">Boettcher, Wolfgang,</subfield>
    <subfield code="d">1935-</subfield>
    <subfield code="4">prf</subfield>
  </datafield>
  <datafield tag="245" ind1="1" ind2="0">
    <subfield code="a">Cellomusik um Mozart</subfield>
    <subfield code="h">[sound recording].</subfield>
  </datafield>
  <datafield tag="260" ind1=" " ind2=" ">
    <subfield code="a">[West Germany?] :</subfield>
    <subfield code="b">RBM Records,</subfield>
    <subfield code="c">p1980.</subfield>
  </datafield>
  <datafield tag="300" ind1=" " ind2=" ">
    <subfield code="a">1 sound disc :</subfield>
    <subfield code="b">analog, 33 1/3 rpm, stereo. ;</subfield>
    <subfield code="c">12 in.</subfield>
  </datafield>
  <datafield tag="500" ind1=" " ind2=" ">
    <subfield code="a">The 3rd work originally for violoncello and orchestra.</subfield>
  </datafield>
  <datafield tag="500" ind1=" " ind2=" ">
    <subfield code="a">Title from container.</subfield>
  </datafield>
  <datafield tag="511" ind1="0" ind2=" ">
    <subfield code="a">Wolfgang Boettcher, violoncello ; Ursula Trede-Boettcher, piano.</subfield>
  </datafield>
  <datafield tag="500" ind1=" " ind2=" ">
    <subfield code="a">Program notes by Hans C. Hachmann in German with English translation on container.</subfield>
  </datafield>
  <datafield tag="505" ind1="0" ind2=" ">
    <subfield code="a">Grande sonate : op. 19 pour piano et violoncelle / Franz Xaver W.A. Mozart -- Andantino KV 374 (Anhang 46) fur Violoncello und Klavier / W.A. Mozart -- Variationen uber das Duett &quot;Reich mir die Hand mein Leben&quot; : aus Don Giovanni v. W.A. Mozart / Franz Danzi -- Sonate d-Moll op. 31 fur Violoncello und Klavier / Joseph Wl̲fl.</subfield>
  </datafield>
  <datafield tag="650" ind1=" " ind2="0">
    <subfield code="a">Sonatas (Violoncello a</subfield>
  </datafield>
  <datafield tag="650" ind1=" " ind2="0">
    <subfield code="a">Variations (Violoncello and piano), Arranged.</subfield>
  </datafield>
  <datafield tag="700" ind1="1" ind2=" ">
    <subfield code="a">Trede-Boettcher, Ursula.</subfield>
    <subfield code="4">prf</subfield>
  </datafield>
  <datafield tag="700" ind1="1" ind2="2">
    <subfield code="a">Mozart, Franz Xaver,</subfield>
    <subfield code="d">1791-1844.</subfield>
    <subfield code="t">Sonatas,</subfield>
    <subfield code="m">violoncello, piano,</subfield>
    <subfield code="n">op. 19,</subfield>
    <subfield code="r">E major.</subfield>
  </datafield>
  <datafield tag="700" ind1="1" ind2="2">
    <subfield code="a">Mozart, Wolfgang Amadeus,</subfield>
    <subfield code="d">1756-1791.</subfield>
    <subfield code="t">Andantinos,</subfield>
    <subfield code="m">violoncello, piano,</subfield>
    <subfield code="n">K. Anh. 46,</subfield>
    <subfield code="r">Bb major.</subfield>
  </datafield>
  <datafield tag="700" ind1="1" ind2="2">
    <subfield code="a">Danzi, Franz,</subfield>
    <subfield code="d">1763-1826.</subfield>
    <subfield code="t">Concertos,</subfield>
    <subfield code="m">violoncello, orchestra,</subfield>
    <subfield code="n">P. 241,</subfield>
    <subfield code="r">A major.</subfield>
    <subfield code="p">Andante;</subfield>
    <subfield code="o">arr.</subfield>
  </datafield>
  <datafield tag="700" ind1="1" ind2="2">
    <subfield code="a">Wl̲fl, Joseph,</subfield>
    <subfield code="d">1773-1812.</subfield>
    <subfield code="t">Duets,</subfield>
    <subfield code="m">violoncello, piano,</subfield>
    <subfield code="n">op. 31,</subfield>
    <subfield code="r">D minor.</subfield>
  </datafield>
  <datafield tag="953" ind1=" " ind2=" ">
    <subfield code="a">TA28</subfield>
  </datafield>
  <datafield tag="991" ind1=" " ind2=" ">
    <subfield code="b">c-RecSound</subfield>
    <subfield code="h">RBM Records RBM 3058</subfield>
    <subfield code="w">MUSIC</subfield>
  </datafield>
</record>