
<record>
  <leader>00920ncm a22002531a 4500</leader>
  <controlfield tag="001">5582800</controlfield>
  <controlfield tag="005">19930121150619.8</controlfield>
  <controlfield tag="008">930121s1981    gw uua         n         </controlfield>
  <datafield tag="035" ind1=" " ind2=" ">
    <subfield code="9">(DLC)   82772502</subfield>
  </datafield>
  <datafield tag="906" ind1=" " ind2=" ">
    <subfield code="a">7</subfield>
    <subfield code="b">cbc</subfield>
    <subfield code="c">orignew</subfield>
    <subfield code="d">2</subfield>
    <subfield code="e">ncip</subfield>
    <subfield code="f">19</subfield>
    <subfield code="g">y-genmusic</subfield>
  </datafield>
  <datafield tag="010" ind1=" " ind2=" ">
    <subfield code="a">   82772502 </subfield>
  </datafield>
  <datafield tag="028" ind1="2" ind2="2">
    <subfield code="a">MH 1017</subfield>
    <subfield code="b">M. Hieber</subfield>
  </datafield>
  <datafield tag="040" ind1=" " ind2=" ">
    <subfield code="a">DLC</subfield>
    <subfield code="c">DLC</subfield>
  </datafield>
  <datafield tag="050" ind1="0" ind2="0">
    <subfield code="a">M1041</subfield>
    <subfield code="b">.D2 op. 41 1981</subfield>
  </datafield>
  <datafield tag="100" ind1="1" ind2=" ">
    <subfield code="a">Danzi, Franz,</subfield>
    <subfield code="d">1763-1826.</subfield>
  </datafield>
  <datafield tag="240" ind1="1" ind2="0">
    <subfield code="a">Concertantes,</subfield>
    <subfield code="m">flute, clarinet, orchestra,</subfield>
    <subfield code="n">op. 41,</subfield>
    <subfield code="r">Bb major;</subfield>
    <subfield code="o">arr.</subfield>
  </datafield>
  <datafield tag="245" ind1="0" ind2="0">
    <subfield code="a">Concertante fur Flt̲e, Klarinette in B und Orchester, op. 41 /</subfield>
    <subfield code="c">Franz Danzi ; Klavierauszug von Ryszard Ruschill.</subfield>
  </datafield>
  <datafield tag="260" ind1=" " ind2=" ">
    <subfield code="a">Munchen :</subfield>
    <subfield code="b">M. Hieber,</subfield>
    <subfield code="c">[19</subfield>
  </datafield>
  <datafield tag="300" ind1=" " ind2=" ">
    <subfield code="a">1 score (63 p.) + 2 parts ;</subfield>
    <subfield code="c">30</subfield>
  </datafield>
  <datafield tag="500" ind1=" " ind2=" ">
    <subfield code="a">Acc. arr. for piano.</subfield>
  </datafield>
  <datafield tag="650" ind1=" " ind2="0">
    <subfield code="a">Clarinet and flute with orchestra</subfield>
    <subfield code="x">Solos with piano.</subfield>
  </datafield>
  <datafield tag="700" ind1="1" ind2=" ">
    <subfield code="a">Ruschill, Ryszard.</subfield>
  </datafield>
  <datafield tag="953" ind1=" " ind2=" ">
    <subfield code="a">TA28</subfield>
  </datafield>
  <datafield tag="991" ind1=" " ind2=" ">
    <subfield code="b">c-Music</subfield>
    <subfield code="h">M1041</subfield>
    <subfield code="i">.D2 op. 41 1981</subfield>
    <subfield code="t">Copy 1</subfield>
    <subfield code="w">MUSIC</subfield>
  </datafield>
</record>