
<record>
  <leader>00994ccm a2200277 a 4500</leader>
  <controlfield tag="001">5588384</controlfield>
  <controlfield tag="005">20020708162047.0</controlfield>
  <controlfield tag="008">840706s1981    sz uuz         n         </controlfield>
  <datafield tag="035" ind1=" " ind2=" ">
    <subfield code="9">(DLC)   84758455</subfield>
  </datafield>
  <datafield tag="906" ind1=" " ind2=" ">
    <subfield code="a">7</subfield>
    <subfield code="b">cbc</subfield>
    <subfield code="c">orignew</subfield>
    <subfield code="d">4</subfield>
    <subfield code="e">ncip</subfield>
    <subfield code="f">19</subfield>
    <subfield code="g">y-genmusic</subfield>
  </datafield>
  <datafield tag="010" ind1=" " ind2=" ">
    <subfield code="a">   84758455 </subfield>
  </datafield>
  <datafield tag="028" ind1="3" ind2="2">
    <subfield code="a">BP 2641</subfield>
    <subfield code="b">Amadeus</subfield>
  </datafield>
  <datafield tag="040" ind1=" " ind2=" ">
    <subfield code="a">DLC</subfield>
    <subfield code="c">DLC</subfield>
    <subfield code="d">DLC</subfield>
  </datafield>
  <datafield tag="045" ind1="0" ind2=" ">
    <subfield code="b">d1802</subfield>
  </datafield>
  <datafield tag="048" ind1=" " ind2=" ">
    <subfield code="a">sb01</subfield>
    <subfield code="a">sc01</subfield>
  </datafield>
  <datafield tag="050" ind1="0" ind2="0">
    <subfield code="a">M287</subfield>
    <subfield code="b">.D</subfield>
  </datafield>
  <datafield tag="100" ind1="1" ind2=" ">
    <subfield code="a">Danzi, Franz,</subfield>
    <subfield code="d">1763-1826.</subfield>
  </datafield>
  <datafield tag="240" ind1="1" ind2="0">
    <subfield code="a">Duets,</subfield>
    <subfield code="m">viola, violoncello,</subfield>
    <subfield code="n">op. 9 (Schott)</subfield>
  </datafield>
  <datafield tag="245" ind1="0" ind2="0">
    <subfield code="a">Drei Duos fur Viola und Violoncello, op 9 (zweites Buch) =</subfield>
    <subfield code="b">Six [i.e. Three] duos for viola and violoncello, op. 9 (second book) /</subfield>
    <subfield code="c">Franz Danzi ; herausgegeben von Ulrich Druner.</subfield>
  </datafield>
  <datafield tag="260" ind1=" " ind2=" ">
    <subfield code="a">Winterthur/Schweiz :</subfield>
    <subfield code="b">Amadeus,</subfield>
  </datafield>
  <datafield tag="300" ind1=" " ind2=" ">
    <subfield code="a">2 parts ;</subfield>
    <subfield code="c">31 cm.</subfield>
  </datafield>
  <datafield tag="500" ind1=" " ind2=" ">
    <subfield code="a">Edited from 1st ed. published in Munich by Macario Falter, 1802.</subfield>
  </datafield>
  <datafield tag="650" ind1=" " ind2="0">
    <subfield code="a">Viola and violoncello music</subfield>
    <subfield code="v">Parts.</subfield>
  </datafield>
  <datafield tag="700" ind1="1" ind2=" ">
    <subfield code="a">Druner, Ulrich.</subfield>
  </datafield>
  <datafield tag="953" ind1=" " ind2=" ">
    <subfield code="a">T</subfield>
  </datafield>
  <datafield tag="991" ind1=" " ind2=" ">
    <subfield code="b">c-Music</subfield>
    <subfield code="h">M287</subfield>
    <subfield code="i">.D</subfield>
    <subfield code="t">Copy 1</subfield>
    <subfield code="w">MUSIC</subfield>
  </datafield>
</record>