
<record>
  <leader>01777cjm a2200361 a 4500</leader>
  <controlfield tag="001">5615069</controlfield>
  <controlfield tag="005">20010412132237.0</controlfield>
  <controlfield tag="007">sdubsmennmplu</controlfield>
  <controlfield tag="008">890210q19821988it mun                   </controlfield>
  <datafield tag="035" ind1=" " ind2=" ">
    <subfield code="9">(DLC)   89750597</subfield>
  </datafield>
  <datafield tag="906" ind1=" " ind2=" ">
    <subfield code="a">7</subfield>
    <subfield code="b">cbc</subfield>
    <subfield code="c">orignew</subfield>
    <subfield code="d">3</subfield>
    <subfield code="e">ncip</subfield>
    <subfield code="f">19</subfield>
    <subfield code="g">y-genmusic</subfield>
  </datafield>
  <datafield tag="010" ind1=" " ind2=" ">
    <subfield code="a">   89750597 </subfield>
  </datafield>
  <datafield tag="028" ind1="0" ind2="2">
    <subfield code="a">PAN NRC 5029</subfield>
    <subfield code="b">Pan</subfield>
  </datafield>
  <datafield tag="040" ind1=" " ind2=" ">
    <subfield code="a">DLC</subfield>
    <subfield code="c">DLC</subfield>
    <subfield code="d">DLC</subfield>
  </datafield>
  <datafield tag="047" ind1=" " ind2=" ">
    <subfield code="a">sn</subfield>
    <subfield code="a">pr</subfield>
    <subfield code="a">vr</subfield>
  </datafield>
  <datafield tag="048" ind1=" " ind2=" ">
    <subfield code="b">ba01</subfield>
    <subfield code="a">ka01</subfield>
  </datafield>
  <datafield tag="050" ind1="0" ind2="0">
    <subfield code="a">Pan PAN NRC 5029</subfield>
  </datafield>
  <datafield tag="100" ind1="1" ind2=" ">
    <subfield code="a">Giuliani, Luciano.</subfield>
    <subfield code="4">prf</subfield>
  </datafield>
  <datafield tag="245" ind1="1" ind2="0">
    <subfield code="a">Luciano Giuliani, corno, Marcella Crudeli, pianoforte</subfield>
    <subfield code="h">[sound recording].</subfield>
  </datafield>
  <datafield tag="260" ind1=" " ind2=" ">
    <subfield code="a">Roma :</subfield>
    <subfield code="b">Pan,</subfield>
    <subfield code="c">[between 1982 and 1988]</subfield>
  </datafield>
  <datafield tag="300" ind1=" " ind2=" ">
    <subfield code="a">1 sound disc :</subfield>
    <subfield code="b">analog, 33 1/3 rpm, stereo. ;</subfield>
    <subfield code="c">12 in.</subfield>
  </datafield>
  <datafield tag="306" ind1=" " ind2=" ">
    <subfield code="a">001300</subfield>
    <subfield code="a">001100</subfield>
    <subfield code="a">001900</subfield>
    <subfield code="a">000905</subfield>
  </datafield>
  <datafield tag="511" ind1="0" ind2=" ">
    <subfield code="a">Luciano Giuliani, horn ; Marcella Crudeli, piano.</subfield>
  </datafield>
  <datafield tag="505" ind1="0" ind2=" ">
    <subfield code="a">Sonata per pianoforte e corno, op. 17 / Ludwig van Beethoven (13:00) -- Preludio, tema e variazioni per corno con accompagnamento del pianoforte / Gioacchino Rossini (11:00) -- Sonata in mi bemolle magg. op. 28 per corno e pianoforte / Franz Danzi (19:00) -- Adagio e allegro op. 70 per pianoforte e corno / Robert Schumann (9:05).</subfield>
  </datafield>
  <datafield tag="650" ind1=" " ind2="0">
    <subfield code="a">Sonatas (Horn and piano)</subfield>
  </datafield>
  <datafield tag="650" ind1=" " ind2="0">
    <subfield code="a">Horn and piano music.</subfield>
  </datafield>
  <datafield tag="700" ind1="1" ind2=" ">
    <subfield code="a">Crudeli, Marcella.</subfield>
    <subfield code="4">prf</subfield>
  </datafield>
  <datafield tag="700" ind1="1" ind2="2">
    <subfield code="a">Beethoven, Ludwig van,</subfield>
    <subfield code="d">1770-1827.</subfield>
    <subfield code="t">Sonatas,</subfield>
    <subfield code="m">horn, piano,</subfield>
    <subfield code="n">op. 17,</subfield>
    <subfield code="r">F major.</subfield>
  </datafield>
  <datafield tag="700" ind1="1" ind2="2">
    <subfield code="a">Rossini, Gioacchino,</subfield>
    <subfield code="d">1792-1868.</subfield>
    <subfield code="t">Pčhš de vieillesse.</subfield>
    <subfield code="p">Album pour piano, violon, violoncelle, harmonium et cor.</subfield>
    <subfield code="p">Prľude, thm̈e et variations.</subfield>
  </datafield>
  <datafield tag="700" ind1="1" ind2="2">
    <subfield code="a">Danzi, Franz,</subfield>
    <subfield code="d">1763-1826.</subfield>
    <subfield code="t">Sonatas,</subfield>
    <subfield code="m">horn, piano,</subfield>
    <subfield code="n">op. 28,</subfield>
    <subfield code="r">Eb major.</subfield>
  </datafield>
  <datafield tag="700" ind1="1" ind2="2">
    <subfield code="a">Schumann, Robert,</subfield>
    <subfield code="d">1810-1856.</subfield>
    <subfield code="t">Adagio und Allegro,</subfield>
    <subfield code="m">horn, piano,</subfield>
    <subfield code="n">op. 70,</subfield>
    <subfield code="r">Ab major.</subfield>
  </datafield>
  <datafield tag="953" ind1=" " ind2=" ">
    <subfield code="a">TA28</subfield>
  </datafield>
  <datafield tag="991" ind1=" " ind2=" ">
    <subfield code="b">c-RecSound</subfield>
    <subfield code="h">Pan PAN NRC 5029</subfield>
    <subfield code="w">MUSIC</subfield>
  </datafield>
</record>