
<record>
  <leader>02729njm a2200493 a 4500</leader>
  <controlfield tag="001">5608491</controlfield>
  <controlfield tag="005">19880325000000.0</controlfield>
  <controlfield tag="007">sdubsmennmplu</controlfield>
  <controlfield tag="008">880301s1983    gw mun                   </controlfield>
  <datafield tag="035" ind1=" " ind2=" ">
    <subfield code="9">(DLC)   88750974</subfield>
  </datafield>
  <datafield tag="906" ind1=" " ind2=" ">
    <subfield code="a">7</subfield>
    <subfield code="b">cbc</subfield>
    <subfield code="c">orignew</subfield>
    <subfield code="d">3</subfield>
    <subfield code="e">ncip</subfield>
    <subfield code="f">19</subfield>
    <subfield code="g">y-genmusic</subfield>
  </datafield>
  <datafield tag="010" ind1=" " ind2=" ">
    <subfield code="a">   88750974 </subfield>
  </datafield>
  <datafield tag="028" ind1="0" ind2="2">
    <subfield code="a">FSM 53 237 EB</subfield>
    <subfield code="b">FSM Edition Brockhoff</subfield>
  </datafield>
  <datafield tag="033" ind1="0" ind2=" ">
    <subfield code="a">198304--</subfield>
    <subfield code="b">6299</subfield>
    <subfield code="c">S9</subfield>
  </datafield>
  <datafield tag="040" ind1=" " ind2=" ">
    <subfield code="a">DLC</subfield>
    <subfield code="c">DLC</subfield>
    <subfield code="d">DLC</subfield>
  </datafield>
  <datafield tag="047" ind1=" " ind2=" ">
    <subfield code="a">mr</subfield>
    <subfield code="a">df</subfield>
    <subfield code="a">ov</subfield>
    <subfield code="a">wz</subfield>
  </datafield>
  <datafield tag="048" ind1=" " ind2=" ">
    <subfield code="a">wa01</subfield>
    <subfield code="a">tb01</subfield>
  </datafield>
  <datafield tag="048" ind1=" " ind2=" ">
    <subfield code="a">tb01</subfield>
    <subfield code="a">kc01</subfield>
  </datafield>
  <datafield tag="048" ind1=" " ind2=" ">
    <subfield code="a">wa01</subfield>
    <subfield code="a">sc01</subfield>
  </datafield>
  <datafield tag="048" ind1=" " ind2=" ">
    <subfield code="a">sa01</subfield>
    <subfield code="a">tb01</subfield>
  </datafield>
  <datafield tag="050" ind1="1" ind2="0">
    <subfield code="a">M177</subfield>
  </datafield>
  <datafield tag="050" ind1="0" ind2="0">
    <subfield code="a">FSM Edition Brockhoff FSM 53 237 EB</subfield>
  </datafield>
  <datafield tag="110" ind1="2" ind2=" ">
    <subfield code="a">Camerata Karlsruhe.</subfield>
    <subfield code="4">prf</subfield>
  </datafield>
  <datafield tag="245" ind1="1" ind2="0">
    <subfield code="a">Virtuose Kammermusik mit Gitarre</subfield>
    <subfield code="h">[sound recording].</subfield>
  </datafield>
  <datafield tag="260" ind1=" " ind2=" ">
    <subfield code="a">Munster :</subfield>
    <subfield code="b">FSM Edition Brockhoff,</subfield>
    <subfield code="c">1983.</subfield>
  </datafield>
  <datafield tag="300" ind1=" " ind2=" ">
    <subfield code="a">1 sound disc :</subfield>
    <subfield code="b">analog, 33 1/3 rpm, stereo. ;</subfield>
    <subfield code="c">12</subfield>
  </datafield>
  <datafield tag="500" ind1=" " ind2=" ">
    <subfield code="a">The 2nd work originally for 2 violins, viola, and 2 violoncellos; the 5th work originally for orchestra.</subfield>
  </datafield>
  <datafield tag="500" ind1=" " ind2=" ">
    <subfield code="a">Parallel title on container: Virtuoso chamber music with guitar.</subfield>
  </datafield>
  <datafield tag="511" ind1="0" ind2=" ">
    <subfield code="a">Camerata Karlsruhe.</subfield>
  </datafield>
  <datafield tag="518" ind1=" " ind2=" ">
    <subfield code="a">Recorded Apr. 1983, Tonstudio Jankowsky, Stuttgart.</subfield>
  </datafield>
  <datafield tag="505" ind1="0" ind2=" ">
    <subfield code="a">4 Mr̃sche fur Flt̲e und Gitarre / Mauro Giuliani -- Introduktion und Fandango fur Gitarre und Cembalo / Luigi Boccherini -- Duo D-Dur fur Flt̲e und Violoncello, op. 64 / Franz Danzi -- Potpourri fur Violoncello und Gitarre, op. 21 / Justus Joh. Friedr. Dotzauer -- Ouverture zu Iphigenie in Aulis / Christoph Willibald Gluck ; fur Violine und Gitarre, bearb., Pierre Porro -- 3 Walzer fur Flt̲e und Gitarre / Franȯis Hunten -- Potpourri aus Beethovens Werken : fur Flt̲e und Gitarre / Anton Diabelli.</subfield>
  </datafield>
  <datafield tag="650" ind1=" " ind2="0">
    <subfield code="a">Guitar and harpsichord music, Arranged.</subfield>
  </datafield>
  <datafield tag="650" ind1=" " ind2="0">
    <subfield code="a">Flute and violoncello music.</subfield>
  </datafield>
  <datafield tag="650" ind1=" " ind2="0">
    <subfield code="a">Overtures (Violin and guitar), Arranged.</subfield>
  </datafield>
  <datafield tag="700" ind1="1" ind2="2">
    <subfield code="a">Giuliani, Mauro,</subfield>
    <subfield code="d">1781-1829.</subfield>
    <subfield code="t">Originael Maersche der verbundeten Mc̃hte.</subfield>
    <subfield code="k">Selections.</subfield>
    <subfield code="f">1983.</subfield>
  </datafield>
  <datafield tag="700" ind1="1" ind2="2">
    <subfield code="a">Boccherini, Luigi,</subfield>
    <subfield code="d">1743-1805.</subfield>
    <subfield code="t">Quintets,</subfield>
    <subfield code="m">violins, viola, violoncellos,</subfield>
    <subfield code="n">G. 341,</subfield>
    <subfield code="r">D major.</subfield>
    <subfield code="p">Fandango;</subfield>
    <subfield code="o">arr.</subfield>
    <subfield code="f">19</subfield>
  </datafield>
  <datafield tag="700" ind1="1" ind2="2">
    <subfield code="a">Danzi, Franz,</subfield>
    <subfield code="d">1763-1826.</subfield>
    <subfield code="t">Petits duos,</subfield>
    <subfield code="m">flute, violoncello.</subfield>
    <subfield code="n">2.</subfield>
    <subfield code="f">1983.</subfield>
  </datafield>
  <datafield tag="700" ind1="1" ind2="2">
    <subfield code="a">Dotzauer, J. J. F.</subfield>
    <subfield code="q">(Justus Johann Friedrich),</subfield>
    <subfield code="d">1783-1860.</subfield>
    <subfield code="t">Potpourris,</subfield>
    <subfield code="m">violoncello, guitar,</subfield>
    <subfield code="n">op. 21,</subfield>
    <subfield code="r">F minor.</subfield>
    <subfield code="f">1983.</subfield>
  </datafield>
  <datafield tag="700" ind1="1" ind2="2">
    <subfield code="a">Gluck, Christoph Willibald,</subfield>
    <subfield code="c">Ritter von,</subfield>
    <subfield code="d">1714-1787.</subfield>
    <subfield code="t">Iphigňie en Aulide.</subfield>
    <subfield code="p">Ouverture;</subfield>
    <subfield code="o">arr.</subfield>
    <subfield code="f">1983.</subfield>
  </datafield>
  <datafield tag="700" ind1="1" ind2="2">
    <subfield code="a">Hunten, Franz,</subfield>
    <subfield code="d">1793-1878.</subfield>
    <subfield code="t">Waltzes,</subfield>
    <subfield code="m">flute, guitar.</subfield>
    <subfield code="f">1983.</subfield>
  </datafield>
  <datafield tag="700" ind1="1" ind2="2">
    <subfield code="a">Diabelli, Anton,</subfield>
    <subfield code="d">1781-1858.</subfield>
    <subfield code="t">Pot-Pourri aus Beethovens beliebtesten Werken,</subfield>
    <subfield code="n">no. 1.</subfield>
    <subfield code="f">19</subfield>
  </datafield>
  <datafield tag="740" ind1="0" ind2=" ">
    <subfield code="a">Virtuoso chamber music with guitar.</subfield>
  </datafield>
  <datafield tag="953" ind1=" " ind2=" ">
    <subfield code="a">TA28</subfield>
  </datafield>
  <datafield tag="991" ind1=" " ind2=" ">
    <subfield code="b">c-RecSound</subfield>
    <subfield code="h">FSM Edition Brockhoff FSM 53 237 EB</subfield>
    <subfield code="w">MUSIC</subfield>
  </datafield>
</record>