
<record>
  <leader>02971njm a2200481 a 4500</leader>
  <controlfield tag="001">5602140</controlfield>
  <controlfield tag="005">19870627000000.0</controlfield>
  <controlfield tag="007">sdubsmennmplu</controlfield>
  <controlfield tag="008">870123p19841982gw uun   ehi             </controlfield>
  <datafield tag="035" ind1=" " ind2=" ">
    <subfield code="9">(DLC)   87750254</subfield>
  </datafield>
  <datafield tag="906" ind1=" " ind2=" ">
    <subfield code="a">7</subfield>
    <subfield code="b">cbc</subfield>
    <subfield code="c">orignew</subfield>
    <subfield code="d">3</subfield>
    <subfield code="e">ncip</subfield>
    <subfield code="f">19</subfield>
    <subfield code="g">y-genmusic</subfield>
  </datafield>
  <datafield tag="010" ind1=" " ind2=" ">
    <subfield code="a">   87750254 </subfield>
  </datafield>
  <datafield tag="028" ind1="0" ind2="2">
    <subfield code="a">S 104 844 K</subfield>
    <subfield code="b">Orfeo</subfield>
  </datafield>
  <datafield tag="033" ind1="0" ind2=" ">
    <subfield code="a">198211--</subfield>
    <subfield code="b">6299</subfield>
    <subfield code="c">S9</subfield>
  </datafield>
  <datafield tag="033" ind1="0" ind2=" ">
    <subfield code="a">198305--</subfield>
    <subfield code="b">6299</subfield>
    <subfield code="c">L6</subfield>
  </datafield>
  <datafield tag="040" ind1=" " ind2=" ">
    <subfield code="a">DLC</subfield>
    <subfield code="c">DLC</subfield>
    <subfield code="d">DLC</subfield>
  </datafield>
  <datafield tag="041" ind1="0" ind2=" ">
    <subfield code="g">engfreger</subfield>
  </datafield>
  <datafield tag="048" ind1=" " ind2=" ">
    <subfield code="a">wb01</subfield>
    <subfield code="a">wc01</subfield>
    <subfield code="a">ba01</subfield>
    <subfield code="a">wd01</subfield>
    <subfield code="a">ka01</subfield>
  </datafield>
  <datafield tag="048" ind1=" " ind2=" ">
    <subfield code="a">wa01</subfield>
    <subfield code="a">wb01</subfield>
    <subfield code="a">wc01</subfield>
    <subfield code="a">wd01</subfield>
    <subfield code="a">ka01</subfield>
  </datafield>
  <datafield tag="048" ind1=" " ind2=" ">
    <subfield code="a">wa01</subfield>
    <subfield code="a">wb01</subfield>
    <subfield code="a">wc01</subfield>
    <subfield code="a">ba01</subfield>
    <subfield code="a">wd01</subfield>
  </datafield>
  <datafield tag="050" ind1="1" ind2="0">
    <subfield code="a">M178</subfield>
  </datafield>
  <datafield tag="050" ind1="0" ind2="0">
    <subfield code="a">Orfeo S 104 844 K</subfield>
  </datafield>
  <datafield tag="100" ind1="1" ind2=" ">
    <subfield code="a">Danzi, Franz,</subfield>
    <subfield code="d">1763-1826.</subfield>
  </datafield>
  <datafield tag="240" ind1="1" ind2="0">
    <subfield code="a">Quintets.</subfield>
    <subfield code="k">Selections</subfield>
  </datafield>
  <datafield tag="245" ind1="0" ind2="0">
    <subfield code="a">Sm̃tliche Quintette fur Bls̃er mit und ohne Klavier</subfield>
    <subfield code="h">[sound recording] =</subfield>
    <subfield code="b">The wind quintets /</subfield>
    <subfield code="c">Franz Danzi.</subfield>
  </datafield>
  <datafield tag="260" ind1=" " ind2=" ">
    <subfield code="a">Munchen :</subfield>
    <subfield code="b">Orfeo,</subfield>
    <subfield code="c">p19</subfield>
  </datafield>
  <datafield tag="300" ind1=" " ind2=" ">
    <subfield code="a">4 sound discs :</subfield>
    <subfield code="b">analog, 33 1/3 rpm, stereo. ;</subfield>
    <subfield code="c">12</subfield>
  </datafield>
  <datafield tag="500" ind1=" " ind2=" ">
    <subfield code="a">Titles from container.</subfield>
  </datafield>
  <datafield tag="511" ind1="0" ind2=" ">
    <subfield code="a">Stuttgarter Bls̃erquintett ; Dennis Russell Davies, piano (op. 41, 53, 54).</subfield>
  </datafield>
  <datafield tag="518" ind1=" " ind2=" ">
    <subfield code="a">Recorded Nov. 1982 in the Augustinium Stuttgart (op. 41, 53, 54), and May 1983 in the Kirche a.d. Karlshh̲e, Ludwigsburg (remainder).</subfield>
  </datafield>
  <datafield tag="500" ind1=" " ind2=" ">
    <subfield code="a">Program notes by Hans Christoph Worbs in English, French, and German (6 p. : ill.) in container.</subfield>
  </datafield>
  <datafield tag="505" ind1="0" ind2=" ">
    <subfield code="a">d-Moll op. 41 fur Klavier, Oboe, Klarinette, Horn und Fagott (23:28) -- F-Dur op. 53 fur Klavier, Flt̲e, Oboe, Klarinette und Fagott (25:11) -- D-Dur op. 54 fur Klavier, Flt̲e, Oboe, Klarinette und Fagott (20:35) -- B-Dur op. 56,1 fur Flt̲e, Oboe, Klarinette, Horn und Fagott (14:00) -- g-Moll op. 56,2 fur Flt̲e, Oboe, Klarinette, Horn und Fagott (16:00) -- F-Dur op. 56,3 fur Flt̲e, Oboe, Klarinette, Horn und Fagott (19:00) -- G-Dur op. 67,1 fur Flt̲e, Oboe, Klarinette, Horn und Fagott (14:00) -- e-Moll op. 67,2 fur Flt̲e, Oboe, Klarinette, Horn und Fagott (16:00) -- Es-Dur op. 67,3 fur Flt̲e, Oboe, Klarinette, Horn und Fagott (16:00) -- A-Dur op. 68,1 fur Flt̲e, Oboe, Klarinette, Horn und Fagott (17:00) -- F-Dur op. 68,2 fur Flt̲e, Oboe, Klarinette, Horn und Fagott (20:00) -- d-Moll op. 68,3 fur Flt̲e, Oboe, Klarinette, Horn und Fagott (16:00).</subfield>
  </datafield>
  <datafield tag="650" ind1=" " ind2="0">
    <subfield code="a">Quintets (P</subfield>
  </datafield>
  <datafield tag="650" ind1=" " ind2="0">
    <subfield code="a">Quintets (Piano, bassoon, clarinet, flute, oboe)</subfield>
  </datafield>
  <datafield tag="650" ind1=" " ind2="0">
    <subfield code="a">Wind quintets (Bassoon, clarinet, flute, horn, oboe)</subfield>
  </datafield>
  <datafield tag="700" ind1="1" ind2=" ">
    <subfield code="a">Davies, Dennis Russell.</subfield>
    <subfield code="4">prf</subfield>
  </datafield>
  <datafield tag="700" ind1="1" ind2="2">
    <subfield code="a">Danzi, Franz,</subfield>
    <subfield code="d">1763-1826.</subfield>
    <subfield code="t">Quintets,</subfield>
    <subfield code="m">piano, oboe, clarinet, horn, bassoon,</subfield>
    <subfield code="n">op. 41,</subfield>
    <subfield code="r">D minor.</subfield>
    <subfield code="f">1984.</subfield>
  </datafield>
  <datafield tag="700" ind1="1" ind2="2">
    <subfield code="a">Danzi, Franz,</subfield>
    <subfield code="d">1763-1826.</subfield>
    <subfield code="t">Quintets,</subfield>
    <subfield code="m">piano, flute, oboe, clarinet, bassoon,</subfield>
    <subfield code="n">op. 53,</subfield>
    <subfield code="r">F major.</subfield>
    <subfield code="f">1984.</subfield>
  </datafield>
  <datafield tag="700" ind1="1" ind2="2">
    <subfield code="a">Danzi, Franz,</subfield>
    <subfield code="d">1763-1826.</subfield>
    <subfield code="t">Quintets,</subfield>
    <subfield code="m">piano, flute, oboe, clarinet, bassoon,</subfield>
    <subfield code="n">op. 54,</subfield>
    <subfield code="r">D major.</subfield>
    <subfield code="f">1984.</subfield>
  </datafield>
  <datafield tag="700" ind1="1" ind2="2">
    <subfield code="a">Danzi, Franz,</subfield>
    <subfield code="d">1763-1826.</subfield>
    <subfield code="t">Quintets,</subfield>
    <subfield code="m">winds.</subfield>
    <subfield code="f">1984.</subfield>
  </datafield>
  <datafield tag="710" ind1="2" ind2=" ">
    <subfield code="a">Stuttgarter Bls̃erquintett.</subfield>
    <subfield code="4">prf</subfield>
  </datafield>
  <datafield tag="953" ind1=" " ind2=" ">
    <subfield code="a">TA28</subfield>
  </datafield>
  <datafield tag="991" ind1=" " ind2=" ">
    <subfield code="b">c-RecSound</subfield>
    <subfield code="h">Orfeo S 104 844 K</subfield>
    <subfield code="w">MUSIC</subfield>
  </datafield>
</record>