
<record>
  <leader>02243cjm a2200445 a 4500</leader>
  <controlfield tag="001">5604205</controlfield>
  <controlfield tag="005">19981112144119.1</controlfield>
  <controlfield tag="007">ssulsnjlcnnnc</controlfield>
  <controlfield tag="008">870710s1984    enkmun                   </controlfield>
  <datafield tag="035" ind1=" " ind2=" ">
    <subfield code="9">(DLC)   87752517</subfield>
  </datafield>
  <datafield tag="906" ind1=" " ind2=" ">
    <subfield code="a">7</subfield>
    <subfield code="b">cbc</subfield>
    <subfield code="c">orignew</subfield>
    <subfield code="d">3</subfield>
    <subfield code="e">ncip</subfield>
    <subfield code="f">19</subfield>
    <subfield code="g">y-genmusic</subfield>
  </datafield>
  <datafield tag="010" ind1=" " ind2=" ">
    <subfield code="a">   87752517 </subfield>
  </datafield>
  <datafield tag="028" ind1="0" ind2="2">
    <subfield code="a">CAPT 1004</subfield>
    <subfield code="b">Capriole</subfield>
  </datafield>
  <datafield tag="040" ind1=" " ind2=" ">
    <subfield code="a">DLC</subfield>
    <subfield code="c">DLC</subfield>
    <subfield code="d">DLC</subfield>
  </datafield>
  <datafield tag="047" ind1=" " ind2=" ">
    <subfield code="a">sn</subfield>
    <subfield code="a">co</subfield>
  </datafield>
  <datafield tag="048" ind1=" " ind2=" ">
    <subfield code="a">wc01</subfield>
    <subfield code="a">ke</subfield>
  </datafield>
  <datafield tag="050" ind1="1" ind2="0">
    <subfield code="a">M248</subfield>
  </datafield>
  <datafield tag="050" ind1="0" ind2="0">
    <subfield code="a">RYA 4082</subfield>
  </datafield>
  <datafield tag="100" ind1="1" ind2=" ">
    <subfield code="a">Puddy, Keith.</subfield>
    <subfield code="4">prf</subfield>
  </datafield>
  <datafield tag="245" ind1="1" ind2="0">
    <subfield code="a">Golden age of the clarinet</subfield>
    <subfield code="h">[sound recording].</subfield>
  </datafield>
  <datafield tag="260" ind1=" " ind2=" ">
    <subfield code="a">[England] :</subfield>
    <subfield code="b">Capriole,</subfield>
    <subfield code="c">p1984.</subfield>
  </datafield>
  <datafield tag="300" ind1=" " ind2=" ">
    <subfield code="a">1 sound cassette :</subfield>
    <subfield code="b">stereo., Dolby B processed.</subfield>
  </datafield>
  <datafield tag="511" ind1="0" ind2=" ">
    <subfield code="a">Keith Puddy, clarinets, basset horn ; Kenneth Mobbs, keyboards.</subfield>
  </datafield>
  <datafield tag="500" ind1=" " ind2=" ">
    <subfield code="a">Performed on original instruments.</subfield>
  </datafield>
  <datafield tag="500" ind1=" " ind2=" ">
    <subfield code="a">Digital recording.</subfield>
  </datafield>
  <datafield tag="505" ind1="0" ind2=" ">
    <subfield code="a">Sonata in Bb major for clarinet in Bb and fortepiano (c1806) / Johann Wanhall -- Sonata in F major for basset horn in F and fortepiano / Franz Danzi -- Sonata no 5 in D minor for clarinet in C : from &quot;Mťhode pour clarinette&quot; / Xavier Lefv̈re -- Concerto in D major for clarinet in D and strings / Johann Molter -- Premir̈e sonate in C major for clarinets in C, Bb and fortepiano / Franȯis Devienne -- Fragment eines Allegro for basset horn KV6:484e / Wolfgang Mozart.</subfield>
  </datafield>
  <datafield tag="650" ind1=" " ind2="0">
    <subfield code="a">Clarinet and piano music.</subfield>
  </datafield>
  <datafield tag="650" ind1=" " ind2="0">
    <subfield code="a">Basset horn and piano music.</subfield>
  </datafield>
  <datafield tag="650" ind1=" " ind2="0">
    <subfield code="a">Clarinet and piano music, Arranged.</subfield>
  </datafield>
  <datafield tag="650" ind1=" " ind2="0">
    <subfield code="a">Basset horn music.</subfield>
  </datafield>
  <datafield tag="700" ind1="1" ind2=" ">
    <subfield code="a">Mobbs, Kenneth.</subfield>
    <subfield code="4">prf</subfield>
  </datafield>
  <datafield tag="700" ind1="1" ind2="2">
    <subfield code="a">Vanhal, Johann Baptist,</subfield>
    <subfield code="d">1739-1813.</subfield>
    <subfield code="t">Sonatas,</subfield>
    <subfield code="m">clarinet, harpsichord,</subfield>
    <subfield code="n">W. XIa: 26,</subfield>
    <subfield code="r">Bb major.</subfield>
  </datafield>
  <datafield tag="700" ind1="1" ind2="2">
    <subfield code="a">Danzi, Franz,</subfield>
    <subfield code="d">1763-1826.</subfield>
    <subfield code="t">Sonatas,</subfield>
    <subfield code="m">basset horn, piano,</subfield>
    <subfield code="n">op. 62,</subfield>
    <subfield code="r">F major.</subfield>
    <subfield code="p">Larghetto sostenuto.</subfield>
  </datafield>
  <datafield tag="700" ind1="1" ind2="2">
    <subfield code="a">Lefv̈re, Jean-Xavier,</subfield>
    <subfield code="d">1763-1829.</subfield>
    <subfield code="t">Mťhode de clarinette.</subfield>
    <subfield code="n">No. 5.</subfield>
  </datafield>
  <datafield tag="700" ind1="1" ind2="2">
    <subfield code="a">Molter, Johann Melchior,</subfield>
    <subfield code="d">1696-1765.</subfield>
    <subfield code="t">Concertos,</subfield>
    <subfield code="m">clarinet, string orchestra,</subfield>
    <subfield code="r">D major;</subfield>
    <subfield code="o">arr.</subfield>
  </datafield>
  <datafield tag="700" ind1="1" ind2="2">
    <subfield code="a">Devienne, Franȯis,</subfield>
    <subfield code="d">1759-1803.</subfield>
    <subfield code="t">Sonatas,</subfield>
    <subfield code="m">clarinet, continuo,</subfield>
    <subfield code="n">op. 28.</subfield>
    <subfield code="n">No. 1.</subfield>
  </datafield>
  <datafield tag="700" ind1="1" ind2="2">
    <subfield code="a">Mozart, Wolfgang Amadeus,</subfield>
    <subfield code="d">1756-1791.</subfield>
    <subfield code="t">Allegros,</subfield>
    <subfield code="m">basset horn,</subfield>
    <subfield code="n">K. 484e,</subfield>
    <subfield code="r">F major.</subfield>
  </datafield>
  <datafield tag="952" ind1=" " ind2=" ">
    <subfield code="a">U.t. for Devienne work is provisional.</subfield>
  </datafield>
  <datafield tag="953" ind1=" " ind2=" ">
    <subfield code="a">TA28</subfield>
  </datafield>
  <datafield tag="991" ind1=" " ind2=" ">
    <subfield code="b">c-RecSound</subfield>
    <subfield code="h">RYA 4082</subfield>
    <subfield code="w">MUSIC</subfield>
  </datafield>
</record>