
<record>
  <leader>02175njm a2200505 a 4500</leader>
  <controlfield tag="001">5611828</controlfield>
  <controlfield tag="005">19890125000000.0</controlfield>
  <controlfield tag="007">sdubsmennmplu</controlfield>
  <controlfield tag="008">881229p19841980sz mun                   </controlfield>
  <datafield tag="035" ind1=" " ind2=" ">
    <subfield code="9">(DLC)   88754591</subfield>
  </datafield>
  <datafield tag="906" ind1=" " ind2=" ">
    <subfield code="a">7</subfield>
    <subfield code="b">cbc</subfield>
    <subfield code="c">orignew</subfield>
    <subfield code="d">3</subfield>
    <subfield code="e">ncip</subfield>
    <subfield code="f">19</subfield>
    <subfield code="g">y-genmusic</subfield>
  </datafield>
  <datafield tag="010" ind1=" " ind2=" ">
    <subfield code="a">   88754591 </subfield>
  </datafield>
  <datafield tag="028" ind1="0" ind2="2">
    <subfield code="a">73043</subfield>
    <subfield code="b">Tudor</subfield>
  </datafield>
  <datafield tag="028" ind1="0" ind2="0">
    <subfield code="a">702</subfield>
    <subfield code="b">Tudor</subfield>
  </datafield>
  <datafield tag="028" ind1="0" ind2="0">
    <subfield code="a">73543</subfield>
    <subfield code="b">Tudor</subfield>
  </datafield>
  <datafield tag="033" ind1="2" ind2=" ">
    <subfield code="a">19800202</subfield>
    <subfield code="a">19800205</subfield>
    <subfield code="b">6299</subfield>
    <subfield code="c">H53</subfield>
  </datafield>
  <datafield tag="040" ind1=" " ind2=" ">
    <subfield code="a">DLC</subfield>
    <subfield code="c">DLC</subfield>
    <subfield code="d">DLC</subfield>
  </datafield>
  <datafield tag="047" ind1=" " ind2=" ">
    <subfield code="a">co</subfield>
    <subfield code="a">vr</subfield>
  </datafield>
  <datafield tag="048" ind1=" " ind2=" ">
    <subfield code="b">wa02</subfield>
    <subfield code="a">oa</subfield>
  </datafield>
  <datafield tag="048" ind1=" " ind2=" ">
    <subfield code="b">wb01</subfield>
    <subfield code="a">oa</subfield>
  </datafield>
  <datafield tag="048" ind1=" " ind2=" ">
    <subfield code="b">wa01</subfield>
    <subfield code="b">wb01</subfield>
    <subfield code="a">oa</subfield>
  </datafield>
  <datafield tag="050" ind1="1" ind2="0">
    <subfield code="a">M1004.5</subfield>
  </datafield>
  <datafield tag="050" ind1="0" ind2="0">
    <subfield code="a">Tudor 73043</subfield>
  </datafield>
  <datafield tag="100" ind1="1" ind2=" ">
    <subfield code="a">Stamitz, Anton,</subfield>
    <subfield code="d">b. 1750.</subfield>
  </datafield>
  <datafield tag="240" ind1="1" ind2="0">
    <subfield code="a">Concertos,</subfield>
    <subfield code="m">flutes (2), orchestra,</subfield>
    <subfield code="r">G major</subfield>
  </datafield>
  <datafield tag="245" ind1="0" ind2="0">
    <subfield code="a">Konzert fur 2 Flt̲en und Orchester G-Dur /</subfield>
    <subfield code="c">Anton Stamitz. Introduktion und Variationen fur Klarinette und Orchester Es-Dur / Gioacchino Rossini. Concertante fur Flt̲e, Klarinette und Orchester B-Dur, op. 41 / Franz Danzi</subfield>
    <subfield code="h">[sound recording].</subfield>
  </datafield>
  <datafield tag="260" ind1=" " ind2=" ">
    <subfield code="a">Zurich, Switzerland :</subfield>
    <subfield code="b">Tudor</subfield>
  </datafield>
  <datafield tag="300" ind1=" " ind2=" ">
    <subfield code="a">1 sound disc :</subfield>
    <subfield code="b">analog, 33 1/3 rpm, stereo. ;</subfield>
    <subfield code="c">12</subfield>
  </datafield>
  <datafield tag="306" ind1=" " ind2=" ">
    <subfield code="a">001702</subfield>
    <subfield code="a">001006</subfield>
    <subfield code="a">001928</subfield>
  </datafield>
  <datafield tag="511" ind1="0" ind2=" ">
    <subfield code="a">Christiane Nicolet (1st work) and Aurl̈e Nicolet (1st &amp; 3rd works), flute ; Eduard Brunner, clarinet (2nd-3rd works) ; Wurttembergisches Kammerorchester ; Jr̲g Faerber, conductor.</subfield>
  </datafield>
  <datafield tag="518" ind1=" " ind2=" ">
    <subfield code="a">Recorded in Heilbronn, Kreuzkirche, Feb. 2-5, 19</subfield>
  </datafield>
  <datafield tag="500" ind1=" " ind2=" ">
    <subfield code="a">Durations: 17:02; 10:06; 19:28.</subfield>
  </datafield>
  <datafield tag="500" ind1=" " ind2=" ">
    <subfield code="a">Issued also as compact disc (702) and cassette (73 543).</subfield>
  </datafield>
  <datafield tag="650" ind1=" " ind2="0">
    <subfield code="a">Concertos (Flutes (2) with string orchestra)</subfield>
  </datafield>
  <datafield tag="650" ind1=" " ind2="0">
    <subfield code="a">Variations (Clarinet with orchestra)</subfield>
  </datafield>
  <datafield tag="650" ind1=" " ind2="0">
    <subfield code="a">Clarinet and flute with orchestra.</subfield>
  </datafield>
  <datafield tag="700" ind1="1" ind2=" ">
    <subfield code="a">Nicolet, Christiane.</subfield>
    <subfield code="4">prf</subfield>
  </datafield>
  <datafield tag="700" ind1="1" ind2=" ">
    <subfield code="a">Nicolet, Aurl̈e.</subfield>
    <subfield code="4">prf</subfield>
  </datafield>
  <datafield tag="700" ind1="1" ind2=" ">
    <subfield code="a">Brunner, Eduard.</subfield>
    <subfield code="4">prf</subfield>
  </datafield>
  <datafield tag="700" ind1="1" ind2=" ">
    <subfield code="a">Faerber, Jr̲g,</subfield>
    <subfield code="d">1929- </subfield>
    <subfield code="4">cnd</subfield>
  </datafield>
  <datafield tag="700" ind1="1" ind2="2">
    <subfield code="a">Rossini, Gioacchino,</subfield>
    <subfield code="d">1792-1868.</subfield>
    <subfield code="t">Introduction, thm̈e et variations,</subfield>
    <subfield code="m">clarinet, orchestra,</subfield>
    <subfield code="r">Bb major.</subfield>
    <subfield code="f">1984.</subfield>
  </datafield>
  <datafield tag="700" ind1="1" ind2="2">
    <subfield code="a">Danzi, Franz,</subfield>
    <subfield code="d">1763-1826.</subfield>
    <subfield code="t">Concertantes,</subfield>
    <subfield code="m">flute, clarinet, orchestra,</subfield>
    <subfield code="n">op. 41,</subfield>
    <subfield code="r">Bb major.</subfield>
    <subfield code="f">1984.</subfield>
  </datafield>
  <datafield tag="710" ind1="2" ind2=" ">
    <subfield code="a">Wurttembergisches Kammerorchester.</subfield>
    <subfield code="4">prf</subfield>
  </datafield>
  <datafield tag="953" ind1=" " ind2=" ">
    <subfield code="a">T</subfield>
  </datafield>
  <datafield tag="991" ind1=" " ind2=" ">
    <subfield code="b">c-RecSound</subfield>
    <subfield code="h">Tudor 73043</subfield>
    <subfield code="w">MUSIC</subfield>
  </datafield>
</record>