
<record>
  <leader>01986cjm a2200433 a 4500</leader>
  <controlfield tag="001">5598017</controlfield>
  <controlfield tag="005">20010831142435.0</controlfield>
  <controlfield tag="007">sdubsmennmplu</controlfield>
  <controlfield tag="008">860415s1985    sz mun   i               </controlfield>
  <datafield tag="035" ind1=" " ind2=" ">
    <subfield code="9">(DLC)   86751729</subfield>
  </datafield>
  <datafield tag="906" ind1=" " ind2=" ">
    <subfield code="a">7</subfield>
    <subfield code="b">cbc</subfield>
    <subfield code="c">orignew</subfield>
    <subfield code="d">3</subfield>
    <subfield code="e">ncip</subfield>
    <subfield code="f">19</subfield>
    <subfield code="g">y-genmusic</subfield>
  </datafield>
  <datafield tag="010" ind1=" " ind2=" ">
    <subfield code="a">   86751729 </subfield>
  </datafield>
  <datafield tag="028" ind1="0" ind2="2">
    <subfield code="a">560</subfield>
    <subfield code="b">Jecklin Disco</subfield>
  </datafield>
  <datafield tag="040" ind1=" " ind2=" ">
    <subfield code="a">DLC</subfield>
    <subfield code="c">DLC</subfield>
    <subfield code="d">DLC</subfield>
  </datafield>
  <datafield tag="041" ind1="0" ind2=" ">
    <subfield code="g">engger</subfield>
    <subfield code="h">eng</subfield>
  </datafield>
  <datafield tag="047" ind1=" " ind2=" ">
    <subfield code="a">vr</subfield>
    <subfield code="a">sn</subfield>
  </datafield>
  <datafield tag="048" ind1=" " ind2=" ">
    <subfield code="a">wz01</subfield>
    <subfield code="a">sc01</subfield>
    <subfield code="a">ta01</subfield>
  </datafield>
  <datafield tag="048" ind1=" " ind2=" ">
    <subfield code="a">wz01</subfield>
    <subfield code="a">ka01</subfield>
  </datafield>
  <datafield tag="050" ind1="1" ind2="0">
    <subfield code="a">M178</subfield>
  </datafield>
  <datafield tag="050" ind1="0" ind2="0">
    <subfield code="a">Jecklin Disco 560</subfield>
  </datafield>
  <datafield tag="100" ind1="1" ind2=" ">
    <subfield code="a">Stalder, Hans Rudolf.</subfield>
    <subfield code="4">prf</subfield>
  </datafield>
  <datafield tag="245" ind1="1" ind2="0">
    <subfield code="a">Musik aus der Blutezeit des Bassetthorns</subfield>
    <subfield code="h">[sound recording].</subfield>
  </datafield>
  <datafield tag="260" ind1=" " ind2=" ">
    <subfield code="a">Zurich, Schweiz :</subfield>
    <subfield code="b">Jecklin Disco,</subfield>
    <subfield code="c">[198</subfield>
  </datafield>
  <datafield tag="300" ind1=" " ind2=" ">
    <subfield code="a">1 sound disc :</subfield>
    <subfield code="b">analog, 33 1/3 rpm, stereo. ;</subfield>
    <subfield code="c">12</subfield>
  </datafield>
  <datafield tag="500" ind1=" " ind2=" ">
    <subfield code="a">Title from container.</subfield>
  </datafield>
  <datafield tag="511" ind1="0" ind2=" ">
    <subfield code="a">Hans Rudolf Stalder, basset horn ; Ursula Holliger, harp ; Andreas Schmid, violoncello ; Zsuzsanna Sirokay, piano.</subfield>
  </datafield>
  <datafield tag="500" ind1=" " ind2=" ">
    <subfield code="a">Program notes by Graham Melville-Mason in English with German translation on container.</subfield>
  </datafield>
  <datafield tag="505" ind1="0" ind2=" ">
    <subfield code="a">Concertante pour harpe et cor de bassette avec l&apos;accompagnement d&apos;un violoncelle, op. 7 / J.G. Heinrich Backofen -- Variationen uber Im tiefen Keller sitz&apos; ich hier : fur Bassetthorn und Klavier / Alois Beerhalter -- Grande sonate pour piano-forte et cor de bassette, op. 62 (F-Dur) / Franz Danzi.</subfield>
  </datafield>
  <datafield tag="650" ind1=" " ind2="0">
    <subfield code="a">Trios (Basset horn, harp, violon</subfield>
  </datafield>
  <datafield tag="650" ind1=" " ind2="0">
    <subfield code="a">Variations (Basset horn and piano)</subfield>
  </datafield>
  <datafield tag="650" ind1=" " ind2="0">
    <subfield code="a">Sonatas (Basset horn and piano)</subfield>
  </datafield>
  <datafield tag="700" ind1="1" ind2=" ">
    <subfield code="a">Holliger, Ursula.</subfield>
    <subfield code="4">prf</subfield>
  </datafield>
  <datafield tag="700" ind1="1" ind2=" ">
    <subfield code="a">Schmid, Andreas,</subfield>
    <subfield code="d">1941-</subfield>
    <subfield code="4">prf</subfield>
  </datafield>
  <datafield tag="700" ind1="1" ind2=" ">
    <subfield code="a">Sirokay, Zsuzsanna.</subfield>
    <subfield code="4">prf</subfield>
  </datafield>
  <datafield tag="700" ind1="1" ind2="2">
    <subfield code="a">Backofen, Johann Georg Heinrich,</subfield>
    <subfield code="d">1768-1839.</subfield>
    <subfield code="t">Concertantes,</subfield>
    <subfield code="m">basset horn, harp, violoncello,</subfield>
    <subfield code="n">op. 7,</subfield>
    <subfield code="r">F major.</subfield>
  </datafield>
  <datafield tag="700" ind1="1" ind2="2">
    <subfield code="a">Beerhalter, Alois,</subfield>
    <subfield code="d">1800-1852.</subfield>
    <subfield code="t">Variationen uber ein deutsches Volkslied.</subfield>
  </datafield>
  <datafield tag="700" ind1="1" ind2="2">
    <subfield code="a">Danzi, Franz,</subfield>
    <subfield code="d">1763-1826.</subfield>
    <subfield code="t">Sonatas,</subfield>
    <subfield code="m">basset horn, piano,</subfield>
    <subfield code="n">op. 62,</subfield>
    <subfield code="r">F maj</subfield>
  </datafield>
  <datafield tag="953" ind1=" " ind2=" ">
    <subfield code="a">TA28</subfield>
  </datafield>
  <datafield tag="991" ind1=" " ind2=" ">
    <subfield code="b">c-RecSound</subfield>
    <subfield code="h">Jecklin Disco 560</subfield>
    <subfield code="w">MUSIC</subfield>
  </datafield>
</record>