
<record>
  <leader>01832cjm a2200373 a 4500</leader>
  <controlfield tag="001">5600607</controlfield>
  <controlfield tag="005">20020708161059.0</controlfield>
  <controlfield tag="007">sdubsmennmplu</controlfield>
  <controlfield tag="008">861017s1985    gw fgn                   </controlfield>
  <datafield tag="035" ind1=" " ind2=" ">
    <subfield code="9">(DLC)   86754487</subfield>
  </datafield>
  <datafield tag="906" ind1=" " ind2=" ">
    <subfield code="a">7</subfield>
    <subfield code="b">cbc</subfield>
    <subfield code="c">orignew</subfield>
    <subfield code="d">3</subfield>
    <subfield code="e">ncip</subfield>
    <subfield code="f">19</subfield>
    <subfield code="g">y-genmusic</subfield>
  </datafield>
  <datafield tag="010" ind1=" " ind2=" ">
    <subfield code="a">   86754487 </subfield>
  </datafield>
  <datafield tag="028" ind1="0" ind2="2">
    <subfield code="a">RBM 3086</subfield>
    <subfield code="b">RBM</subfield>
  </datafield>
  <datafield tag="040" ind1=" " ind2=" ">
    <subfield code="a">DLC</subfield>
    <subfield code="c">DLC</subfield>
    <subfield code="d">DLC</subfield>
  </datafield>
  <datafield tag="048" ind1=" " ind2=" ">
    <subfield code="a">sa02</subfield>
    <subfield code="a">sb01</subfield>
    <subfield code="a">sc01</subfield>
  </datafield>
  <datafield tag="050" ind1="0" ind2="0">
    <subfield code="a">RBM RBM 3086</subfield>
  </datafield>
  <datafield tag="100" ind1="1" ind2=" ">
    <subfield code="a">Danzi, Franz,</subfield>
    <subfield code="d">1763-1826.</subfield>
  </datafield>
  <datafield tag="240" ind1="1" ind2="0">
    <subfield code="a">Quartets,</subfield>
    <subfield code="m">strings,</subfield>
    <subfield code="n">op. 55.</subfield>
    <subfield code="n">No. 3</subfield>
  </datafield>
  <datafield tag="245" ind1="0" ind2="0">
    <subfield code="a">Streichquartett E-Dur op. 55, Nr. 3 /</subfield>
    <subfield code="c">Franz Danzi. Funf vierstimmige Fugen : aus J.S. Bachs Wohltemperiertem Klavier, 2. Teil, fur Streichquartett bearbeitet von W.A. Mozart / J.S. Bach/W.A. Mozart. Streichquartett a-Moll op. 29, Nr. 2 ; Streichquartett B-Dur op. 6, Nr. 5 / Franz Danzi</subfield>
    <subfield code="h">[sound recording].</subfield>
  </datafield>
  <datafield tag="260" ind1=" " ind2=" ">
    <subfield code="a">Mannheim :</subfield>
    <subfield code="b">RBM,</subfield>
    <subfield code="c"></subfield>
  </datafield>
  <datafield tag="300" ind1=" " ind2=" ">
    <subfield code="a">1 sound disc :</subfield>
    <subfield code="b">analog, 33 1/3 rpm, stereo. ;</subfield>
    <subfield code="c">12 in.</subfield>
  </datafield>
  <datafield tag="306" ind1=" " ind2=" ">
    <subfield code="a">001752</subfield>
    <subfield code="a">001028</subfield>
    <subfield code="a">002144</subfield>
    <subfield code="a">000649</subfield>
  </datafield>
  <datafield tag="511" ind1="0" ind2=" ">
    <subfield code="a">Mannheimer Streichquartett.</subfield>
  </datafield>
  <datafield tag="500" ind1=" " ind2=" ">
    <subfield code="a">Durations: 17:52; 10:28; 21:44; 6:49.</subfield>
  </datafield>
  <datafield tag="505" ind1="2" ind2=" ">
    <subfield code="a">Funf vierstimmige Fugen : aus J.S. Bachs wohltemperiertem Klavier, 2. Teil. Nr. 1 c-Moll (WTK II, Nr. 2, BWV 871) ; Nr. 2 Es-Dur (WTK II, Nr. 7, BWV 876) ; Nr. 3 E-Dur (WTK II, Nr. 9, BWV 878) ; Nr. 4 d-Moll (WTK II, Nr. 8, BWV 877) ; Nr. 5 D-Dur (WTK II, Nr. 5, BWV 874).</subfield>
  </datafield>
  <datafield tag="650" ind1=" " ind2="0">
    <subfield code="a">String quarte</subfield>
  </datafield>
  <datafield tag="650" ind1=" " ind2="0">
    <subfield code="a">String quartets, Arranged.</subfield>
  </datafield>
  <datafield tag="700" ind1="1" ind2="2">
    <subfield code="a">Mozart, Wolfgang Amadeus,</subfield>
    <subfield code="d">1756-1791.</subfield>
    <subfield code="t">Fugues,</subfield>
    <subfield code="m">string quartet,</subfield>
    <subfield code="n">K. 405.</subfield>
  </datafield>
  <datafield tag="700" ind1="1" ind2="2">
    <subfield code="a">Danzi, Franz,</subfield>
    <subfield code="d">1763-1826.</subfield>
    <subfield code="t">Quartets,</subfield>
    <subfield code="m">strings,</subfield>
    <subfield code="n">op. 29.</subfield>
    <subfield code="n">No. 2.</subfield>
  </datafield>
  <datafield tag="700" ind1="1" ind2="2">
    <subfield code="a">Danzi, Franz,</subfield>
    <subfield code="d">1763-1826.</subfield>
    <subfield code="t">Quartets,</subfield>
    <subfield code="m">strings,</subfield>
    <subfield code="n">op. 6.</subfield>
    <subfield code="n">No. 2.</subfield>
  </datafield>
  <datafield tag="710" ind1="2" ind2=" ">
    <subfield code="a">Mannheimer Streichquartett.</subfield>
    <subfield code="4">prf</subfield>
  </datafield>
  <datafield tag="740" ind1="0" ind2=" ">
    <subfield code="a">Wohltemperierte Klavier.</subfield>
  </datafield>
  <datafield tag="953" ind1=" " ind2=" ">
    <subfield code="a">TA28</subfield>
  </datafield>
  <datafield tag="991" ind1=" " ind2=" ">
    <subfield code="b">c-RecSound</subfield>
    <subfield code="h">RBM RBM 3086</subfield>
    <subfield code="w">MUSIC</subfield>
  </datafield>
</record>