
<record>
  <leader>01952cjm a2200445 a 4500</leader>
  <controlfield tag="001">5614785</controlfield>
  <controlfield tag="005">20020708151822.0</controlfield>
  <controlfield tag="007">sdubsmennmplu</controlfield>
  <controlfield tag="008">890125s1986    enkcon                   </controlfield>
  <datafield tag="035" ind1=" " ind2=" ">
    <subfield code="9">(DLC)   89750296</subfield>
  </datafield>
  <datafield tag="906" ind1=" " ind2=" ">
    <subfield code="a">7</subfield>
    <subfield code="b">cbc</subfield>
    <subfield code="c">orignew</subfield>
    <subfield code="d">3</subfield>
    <subfield code="e">ncip</subfield>
    <subfield code="f">19</subfield>
    <subfield code="g">y-genmusic</subfield>
  </datafield>
  <datafield tag="010" ind1=" " ind2=" ">
    <subfield code="a">   89750296 </subfield>
  </datafield>
  <datafield tag="028" ind1="0" ind2="2">
    <subfield code="a">CFR 140</subfield>
    <subfield code="b">Conifer</subfield>
  </datafield>
  <datafield tag="028" ind1="0" ind2="0">
    <subfield code="a">MCFR 140</subfield>
    <subfield code="b">Conifer</subfield>
  </datafield>
  <datafield tag="033" ind1="1" ind2=" ">
    <subfield code="a">19860218</subfield>
    <subfield code="a">19860219</subfield>
    <subfield code="b">5754</subfield>
    <subfield code="c">L7</subfield>
  </datafield>
  <datafield tag="040" ind1=" " ind2=" ">
    <subfield code="a">DLC</subfield>
    <subfield code="c">DLC</subfield>
    <subfield code="d">DLC</subfield>
  </datafield>
  <datafield tag="048" ind1=" " ind2=" ">
    <subfield code="b">bz01</subfield>
    <subfield code="a">oa</subfield>
  </datafield>
  <datafield tag="048" ind1=" " ind2=" ">
    <subfield code="b">bz01</subfield>
    <subfield code="a">oc</subfield>
  </datafield>
  <datafield tag="050" ind1="0" ind2="0">
    <subfield code="a">Conifer CFR 140</subfield>
  </datafield>
  <datafield tag="100" ind1="1" ind2=" ">
    <subfield code="a">Chevailler, Jean-Pierre,</subfield>
    <subfield code="d">1945-</subfield>
    <subfield code="4">prf</subfield>
  </datafield>
  <datafield tag="245" ind1="1" ind2="0">
    <subfield code="a">Classic euphonium</subfield>
    <subfield code="h">[sound recording] =</subfield>
    <subfield code="b">Le tuba-tenor classique.</subfield>
  </datafield>
  <datafield tag="260" ind1=" " ind2=" ">
    <subfield code="a">West Drayton, Middlesex :</subfield>
    <subfield code="b">Conifer,</subfield>
    <subfield code="c">p1986.</subfield>
  </datafield>
  <datafield tag="300" ind1=" " ind2=" ">
    <subfield code="a">1 sound disc :</subfield>
    <subfield code="b">analog, 33 1/3 rpm, stereo. ;</subfield>
    <subfield code="c">12 in.</subfield>
  </datafield>
  <datafield tag="306" ind1=" " ind2=" ">
    <subfield code="a">001700</subfield>
    <subfield code="a">001100</subfield>
  </datafield>
  <datafield tag="500" ind1=" " ind2=" ">
    <subfield code="a">The 1st-2nd works originally for bassoon and orchestra, the 3rd for oboe and string orchestra.</subfield>
  </datafield>
  <datafield tag="511" ind1="0" ind2=" ">
    <subfield code="a">Jean-Pierre Chevailler, euphonium ; City of London Sinfonia ; George Lloyd, conductor.</subfield>
  </datafield>
  <datafield tag="518" ind1=" " ind2=" ">
    <subfield code="a">Recorded Feb. 18-19, 1986, Walthamstow Town Hall, London.</subfield>
  </datafield>
  <datafield tag="500" ind1=" " ind2=" ">
    <subfield code="a">Digital recording.</subfield>
  </datafield>
  <datafield tag="500" ind1=" " ind2=" ">
    <subfield code="a">Issued also as cassette: MCFR 140.</subfield>
  </datafield>
  <datafield tag="505" ind1="0" ind2=" ">
    <subfield code="a">Concerto in B flat, K191 / Mozart (17:00) -- Concerto in F major / Danzi (17:00) -- Concerto in F minor / Handel (11:00).</subfield>
  </datafield>
  <datafield tag="650" ind1=" " ind2="0">
    <subfield code="a">Concertos (Euphonium), Arranged.</subfield>
  </datafield>
  <datafield tag="650" ind1=" " ind2="0">
    <subfield code="a">Concertos (Euphonium with string orchestra), Arranged.</subfield>
  </datafield>
  <datafield tag="700" ind1="1" ind2=" ">
    <subfield code="a">Lloyd, George,</subfield>
    <subfield code="d">1913-</subfield>
    <subfield code="4">cnd</subfield>
  </datafield>
  <datafield tag="700" ind1="1" ind2="2">
    <subfield code="a">Mozart, Wolfgang Amadeus,</subfield>
    <subfield code="d">1756-1791.</subfield>
    <subfield code="t">Concertos,</subfield>
    <subfield code="m">bassoon, orchestra,</subfield>
    <subfield code="n">K. 191,</subfield>
    <subfield code="r">Bb major;</subfield>
    <subfield code="o">arr.</subfield>
  </datafield>
  <datafield tag="700" ind1="1" ind2="2">
    <subfield code="a">Danzi, Franz,</subfield>
    <subfield code="d">1763-1826.</subfield>
    <subfield code="t">Concertos,</subfield>
    <subfield code="m">bassoon, orchestra,</subfield>
    <subfield code="n">P. 237,</subfield>
    <subfield code="r">F major;</subfield>
    <subfield code="o">arr.</subfield>
  </datafield>
  <datafield tag="700" ind1="1" ind2="2">
    <subfield code="a">Handel, George Frideric,</subfield>
    <subfield code="d">1685-1759.</subfield>
    <subfield code="t">Concertos,</subfield>
    <subfield code="m">oboe, string orchestra,</subfield>
    <subfield code="n">HWV 287,</subfield>
    <subfield code="r">G minor;</subfield>
    <subfield code="o">arr.</subfield>
  </datafield>
  <datafield tag="710" ind1="2" ind2=" ">
    <subfield code="a">City of London Sinfonia.</subfield>
    <subfield code="4">prf</subfield>
  </datafield>
  <datafield tag="740" ind1="0" ind2=" ">
    <subfield code="a">Tuba-tenor classique.</subfield>
  </datafield>
  <datafield tag="953" ind1=" " ind2=" ">
    <subfield code="a">TA28</subfield>
  </datafield>
  <datafield tag="991" ind1=" " ind2=" ">
    <subfield code="b">c-RecSound</subfield>
    <subfield code="h">Conifer CFR 140</subfield>
    <subfield code="w">MUSIC</subfield>
  </datafield>
</record>