
<record>
  <leader>02455cjm a2200481 a 4500</leader>
  <controlfield tag="001">5605359</controlfield>
  <controlfield tag="005">20020709100236.0</controlfield>
  <controlfield tag="007">sdubsmennmplu</controlfield>
  <controlfield tag="008">870930p19861983gw mun   ei              </controlfield>
  <datafield tag="035" ind1=" " ind2=" ">
    <subfield code="9">(DLC)   87753805</subfield>
  </datafield>
  <datafield tag="906" ind1=" " ind2=" ">
    <subfield code="a">7</subfield>
    <subfield code="b">cbc</subfield>
    <subfield code="c">orignew</subfield>
    <subfield code="d">3</subfield>
    <subfield code="e">ncip</subfield>
    <subfield code="f">19</subfield>
    <subfield code="g">y-genmusic</subfield>
  </datafield>
  <datafield tag="010" ind1=" " ind2=" ">
    <subfield code="a">   87753805 </subfield>
  </datafield>
  <datafield tag="028" ind1="0" ind2="2">
    <subfield code="a">VMS 1621</subfield>
    <subfield code="b">Schwann Musica Mundi</subfield>
  </datafield>
  <datafield tag="033" ind1="0" ind2=" ">
    <subfield code="a">198308--</subfield>
    <subfield code="b">6299</subfield>
    <subfield code="c">B3</subfield>
  </datafield>
  <datafield tag="040" ind1=" " ind2=" ">
    <subfield code="a">DLC</subfield>
    <subfield code="c">DLC</subfield>
    <subfield code="d">DLC</subfield>
  </datafield>
  <datafield tag="041" ind1="0" ind2=" ">
    <subfield code="g">engfreger</subfield>
  </datafield>
  <datafield tag="047" ind1=" " ind2=" ">
    <subfield code="a">co</subfield>
    <subfield code="a">vr</subfield>
  </datafield>
  <datafield tag="048" ind1=" " ind2=" ">
    <subfield code="b">wc01</subfield>
    <subfield code="a">oa</subfield>
  </datafield>
  <datafield tag="050" ind1="0" ind2="0">
    <subfield code="a">Schwann Musica Mundi VMS 1621</subfield>
  </datafield>
  <datafield tag="100" ind1="1" ind2=" ">
    <subfield code="a">Klc̲ker, Dieter.</subfield>
    <subfield code="4">prf</subfield>
  </datafield>
  <datafield tag="245" ind1="1" ind2="0">
    <subfield code="a">Romantische Klarinettenkonzerte</subfield>
    <subfield code="h">[sound recording] =</subfield>
    <subfield code="b">Romantic clarinet concertos = Concertos romantiques pour clarinette.</subfield>
  </datafield>
  <datafield tag="260" ind1=" " ind2=" ">
    <subfield code="a">Dusseldorf :</subfield>
    <subfield code="b">Schwann Musica Mundi,</subfield>
    <subfield code="c">p1986.</subfield>
  </datafield>
  <datafield tag="300" ind1=" " ind2=" ">
    <subfield code="a">1 sound disc :</subfield>
    <subfield code="b">analog, 33 1/3 rpm, stereo. ;</subfield>
    <subfield code="c">12</subfield>
  </datafield>
  <datafield tag="306" ind1=" " ind2=" ">
    <subfield code="a">001735</subfield>
    <subfield code="a">001223</subfield>
    <subfield code="a">001411</subfield>
    <subfield code="a">001200</subfield>
  </datafield>
  <datafield tag="500" ind1=" " ind2=" ">
    <subfield code="a">Title from container.</subfield>
  </datafield>
  <datafield tag="511" ind1="0" ind2=" ">
    <subfield code="a">Dieter Klc̲ker, clarinet ; Radio-Symphonie-Orchester Berlin ; Jesus Lp̤ez-Cobos, conductor.</subfield>
  </datafield>
  <datafield tag="518" ind1=" " ind2=" ">
    <subfield code="a">Recorded Aug. 1983, Jesus-Christus-Kirche, Berlin-Dahlen, West Germany.</subfield>
  </datafield>
  <datafield tag="500" ind1=" " ind2=" ">
    <subfield code="a">&quot;First recording&quot;--Container.</subfield>
  </datafield>
  <datafield tag="500" ind1=" " ind2=" ">
    <subfield code="a">Digital recording.</subfield>
  </datafield>
  <datafield tag="500" ind1=" " ind2=" ">
    <subfield code="a">Program notes in English, French, and German on container and inner sleeve.</subfield>
  </datafield>
  <datafield tag="505" ind1="0" ind2=" ">
    <subfield code="a">Concertino Es-Dur fur Klarinette und Orchester / Peter Josef von Lindpaintner (17:35) -- Introduktion, Thema und Variation[en] fur Klarinette und Orchester / Franz Danzi (12:23) -- Concerto Es-Dur fur Klarinette und Orchester / Karl Gottlieb Reissiger (14:11) -- Introduktion, Thema und Variationen op. 128 fur Klarinette und Orchester / Johann Wenzel Kalliwoda (12:00).</subfield>
  </datafield>
  <datafield tag="650" ind1=" " ind2="0">
    <subfield code="a">Concerto</subfield>
  </datafield>
  <datafield tag="650" ind1=" " ind2="0">
    <subfield code="a">Variations (Clarinet with orchestra)</subfield>
  </datafield>
  <datafield tag="700" ind1="1" ind2=" ">
    <subfield code="a">Lp̤ez Cobos, Jess͠.</subfield>
    <subfield code="4">cnd</subfield>
  </datafield>
  <datafield tag="700" ind1="1" ind2="2">
    <subfield code="a">Lindpaintner, Peter Joseph von,</subfield>
    <subfield code="d">1791-1856.</subfield>
    <subfield code="t">Concertinos,</subfield>
    <subfield code="m">clarinet, orchestra,</subfield>
    <subfield code="r">Eb major.</subfield>
  </datafield>
  <datafield tag="700" ind1="1" ind2="2">
    <subfield code="a">Danzi, Franz,</subfield>
    <subfield code="d">1763-1826.</subfield>
    <subfield code="t">Potpourris,</subfield>
    <subfield code="m">clarinet, orchestra,</subfield>
    <subfield code="n">no. 3,</subfield>
    <subfield code="r">Bb major.</subfield>
  </datafield>
  <datafield tag="700" ind1="1" ind2="2">
    <subfield code="a">Reissiger, Carl Gottlieb,</subfield>
    <subfield code="d">1798-1859.</subfield>
    <subfield code="t">Concertinos,</subfield>
    <subfield code="m">clarinet, orchestra,</subfield>
    <subfield code="n">op. 63,</subfield>
    <subfield code="r">Eb major.</subfield>
  </datafield>
  <datafield tag="700" ind1="1" ind2="2">
    <subfield code="a">Kalliwoda, Johann Wenzel,</subfield>
    <subfield code="d">1801-1866.</subfield>
    <subfield code="t">Introduction und Variationen,</subfield>
    <subfield code="m">clarinet, orchestra,</subfield>
    <subfield code="n">op. 128,</subfield>
    <subfield code="r">Bb major.</subfield>
  </datafield>
  <datafield tag="710" ind1="2" ind2=" ">
    <subfield code="a">Radio-Symphonie-Orchester Berlin.</subfield>
    <subfield code="4">prf</subfield>
  </datafield>
  <datafield tag="740" ind1="0" ind2=" ">
    <subfield code="a">Romantic clarinet concertos.</subfield>
  </datafield>
  <datafield tag="740" ind1="0" ind2=" ">
    <subfield code="a">Concertos romantiques pour clarinette.</subfield>
  </datafield>
  <datafield tag="953" ind1=" " ind2=" ">
    <subfield code="a">TA28</subfield>
  </datafield>
  <datafield tag="991" ind1=" " ind2=" ">
    <subfield code="b">c-RecSound</subfield>
    <subfield code="h">Schwann Musica Mundi VMS 1621</subfield>
    <subfield code="w">MUSIC</subfield>
  </datafield>
</record>