
<record>
  <leader>01786cjm a2200409 a 4500</leader>
  <controlfield tag="001">5626943</controlfield>
  <controlfield tag="005">19901210165344.1</controlfield>
  <controlfield tag="007">sduzsnznnmlne</controlfield>
  <controlfield tag="008">901107s1988    enksun                   </controlfield>
  <datafield tag="035" ind1=" " ind2=" ">
    <subfield code="9">(DLC)   90754750</subfield>
  </datafield>
  <datafield tag="906" ind1=" " ind2=" ">
    <subfield code="a">7</subfield>
    <subfield code="b">cbc</subfield>
    <subfield code="c">orignew</subfield>
    <subfield code="d">4</subfield>
    <subfield code="e">ncip</subfield>
    <subfield code="f">19</subfield>
    <subfield code="g">y-genmusic</subfield>
  </datafield>
  <datafield tag="010" ind1=" " ind2=" ">
    <subfield code="a">   90754750 </subfield>
  </datafield>
  <datafield tag="028" ind1="0" ind2="2">
    <subfield code="a">CD DCA 613</subfield>
    <subfield code="b">ASV</subfield>
  </datafield>
  <datafield tag="040" ind1=" " ind2=" ">
    <subfield code="a">DLC</subfield>
    <subfield code="c">DLC</subfield>
    <subfield code="d">DLC</subfield>
  </datafield>
  <datafield tag="045" ind1="2" ind2=" ">
    <subfield code="b">d1969</subfield>
    <subfield code="b">d1826</subfield>
  </datafield>
  <datafield tag="048" ind1=" " ind2=" ">
    <subfield code="a">wd01</subfield>
    <subfield code="a">sa02</subfield>
    <subfield code="a">sb01</subfield>
    <subfield code="a">sc01</subfield>
  </datafield>
  <datafield tag="048" ind1=" " ind2=" ">
    <subfield code="a">wd01</subfield>
    <subfield code="a">sa01</subfield>
    <subfield code="a">sb01</subfield>
    <subfield code="a">sc01</subfield>
  </datafield>
  <datafield tag="050" ind1="0" ind2="0">
    <subfield code="a">ASV CD DCA 613</subfield>
  </datafield>
  <datafield tag="100" ind1="1" ind2=" ">
    <subfield code="a">Smith, Daniel,</subfield>
    <subfield code="d">1939- </subfield>
    <subfield code="4">prf</subfield>
  </datafield>
  <datafield tag="245" ind1="1" ind2="0">
    <subfield code="a">Music for bassoon and string quartet</subfield>
    <subfield code="h">[sound recording].</subfield>
  </datafield>
  <datafield tag="260" ind1=" " ind2=" ">
    <subfield code="a">London :</subfield>
    <subfield code="b">ASV ;</subfield>
    <subfield code="a">Orphington, Kent :</subfield>
    <subfield code="b">Distributed by Pinnacle Records,</subfield>
    <subfield code="c">p1988.</subfield>
  </datafield>
  <datafield tag="300" ind1=" " ind2=" ">
    <subfield code="a">1 sound disc :</subfield>
    <subfield code="b">digital, stereo. ;</subfield>
    <subfield code="c">4 3/4 in.</subfield>
  </datafield>
  <datafield tag="306" ind1=" " ind2=" ">
    <subfield code="a">001100</subfield>
    <subfield code="a">002000</subfield>
    <subfield code="a">003400</subfield>
  </datafield>
  <datafield tag="500" ind1=" " ind2=" ">
    <subfield code="a">Title from container.</subfield>
  </datafield>
  <datafield tag="511" ind1="0" ind2=" ">
    <subfield code="a">Daniel Smith, bassoon ; Coull String Quartet.</subfield>
  </datafield>
  <datafield tag="500" ind1=" " ind2=" ">
    <subfield code="a">Compact disc.</subfield>
  </datafield>
  <datafield tag="505" ind1="0" ind2=" ">
    <subfield code="a">Suite for bassoon and string quartet / Gordon Jacob (11:00) -- Quartet in B flat, op. 40, no. 3, for bassoon and string trio / Danzi (20:00) -- Grand quintet : for bassoon and string quartet / Reicha (34:00).</subfield>
  </datafield>
  <datafield tag="650" ind1=" " ind2="0">
    <subfield code="a">Suites (Bassoon, violins (2), viola, violoncello)</subfield>
  </datafield>
  <datafield tag="650" ind1=" " ind2="0">
    <subfield code="a">Quartets (Bassoon, violin, viola, violoncello)</subfield>
  </datafield>
  <datafield tag="650" ind1=" " ind2="0">
    <subfield code="a">Quintets (Bassoon, violins (2), viola, violoncello)</subfield>
  </datafield>
  <datafield tag="700" ind1="1" ind2="2">
    <subfield code="a">Jacob, Gordon,</subfield>
    <subfield code="d">1895- </subfield>
    <subfield code="t">Suites,</subfield>
    <subfield code="m">bassoon, strings.</subfield>
    <subfield code="f">1988.</subfield>
  </datafield>
  <datafield tag="700" ind1="1" ind2="2">
    <subfield code="a">Danzi, Franz,</subfield>
    <subfield code="d">1763-1826.</subfield>
    <subfield code="t">Quartets,</subfield>
    <subfield code="m">bassoon, violin, viola, violoncello,</subfield>
    <subfield code="n">op. 40.</subfield>
    <subfield code="n">No. 3.</subfield>
    <subfield code="f">1988.</subfield>
  </datafield>
  <datafield tag="700" ind1="1" ind2="2">
    <subfield code="a">Reicha, Anton,</subfield>
    <subfield code="d">1770-1836.</subfield>
    <subfield code="t">Quintets,</subfield>
    <subfield code="m">bassoon, violins, viola, violoncello,</subfield>
    <subfield code="r">Bb major.</subfield>
    <subfield code="f">1988.</subfield>
  </datafield>
  <datafield tag="710" ind1="2" ind2=" ">
    <subfield code="a">Coull String Quartet.</subfield>
    <subfield code="4">prf</subfield>
  </datafield>
  <datafield tag="952" ind1=" " ind2=" ">
    <subfield code="a">*vk12 170 12-10-90</subfield>
  </datafield>
  <datafield tag="953" ind1=" " ind2=" ">
    <subfield code="a">TA28</subfield>
  </datafield>
  <datafield tag="991" ind1=" " ind2=" ">
    <subfield code="b">c-RecSound</subfield>
    <subfield code="h">ASV CD DCA 613</subfield>
    <subfield code="w">MUSIC</subfield>
  </datafield>
</record>