
<record>
  <leader>01827cjm a22004091a 4500</leader>
  <controlfield tag="001">12325778</controlfield>
  <controlfield tag="005">20030418120810.0</controlfield>
  <controlfield tag="007">sdufungnn---ed</controlfield>
  <controlfield tag="008">900521p19891986nyucon                  d</controlfield>
  <datafield tag="035" ind1=" " ind2=" ">
    <subfield code="a">(OCoLC)ocm21567014</subfield>
  </datafield>
  <datafield tag="906" ind1=" " ind2=" ">
    <subfield code="a">0</subfield>
    <subfield code="b">cbc</subfield>
    <subfield code="c">copycat</subfield>
    <subfield code="d">3</subfield>
    <subfield code="e">ncip</subfield>
    <subfield code="f">20</subfield>
    <subfield code="g">y-soundrec</subfield>
  </datafield>
  <datafield tag="010" ind1=" " ind2=" ">
    <subfield code="a">   00718876 </subfield>
  </datafield>
  <datafield tag="024" ind1="1" ind2=" ">
    <subfield code="a">034061200123</subfield>
  </datafield>
  <datafield tag="028" ind1="0" ind2="2">
    <subfield code="a">Troy 201-2</subfield>
    <subfield code="b">Albany Records</subfield>
  </datafield>
  <datafield tag="033" ind1="0" ind2=" ">
    <subfield code="a">198602--</subfield>
    <subfield code="b">5754</subfield>
    <subfield code="c">L7</subfield>
  </datafield>
  <datafield tag="040" ind1=" " ind2=" ">
    <subfield code="a">OBE</subfield>
    <subfield code="c">OBE</subfield>
    <subfield code="d">DLC</subfield>
  </datafield>
  <datafield tag="042" ind1=" " ind2=" ">
    <subfield code="a">lcderive</subfield>
  </datafield>
  <datafield tag="050" ind1="0" ind2="0">
    <subfield code="a">SDA 62870</subfield>
  </datafield>
  <datafield tag="100" ind1="1" ind2=" ">
    <subfield code="a">Chevailler, Jean-Pierre,</subfield>
    <subfield code="d">1945-</subfield>
    <subfield code="4">prf</subfield>
  </datafield>
  <datafield tag="245" ind1="1" ind2="4">
    <subfield code="a">The classic euphonium</subfield>
    <subfield code="h">[sound recording] :</subfield>
    <subfield code="b">concertos /</subfield>
    <subfield code="c">by Haendel, Mozart and Danzi.</subfield>
  </datafield>
  <datafield tag="260" ind1=" " ind2=" ">
    <subfield code="a">Albany, N.Y. :</subfield>
    <subfield code="b">Albany Records,</subfield>
    <subfield code="c">p1989.</subfield>
  </datafield>
  <datafield tag="300" ind1=" " ind2=" ">
    <subfield code="a">1 sound disc :</subfield>
    <subfield code="b">digital ;</subfield>
    <subfield code="c">4 3/4 in.</subfield>
  </datafield>
  <datafield tag="306" ind1=" " ind2=" ">
    <subfield code="a">001100</subfield>
    <subfield code="a">001700</subfield>
    <subfield code="a">001700</subfield>
  </datafield>
  <datafield tag="500" ind1=" " ind2=" ">
    <subfield code="a">The 1st work originally for oboe and string orchestra, the 2nd-3rd for bassoon and orchestra.</subfield>
  </datafield>
  <datafield tag="511" ind1="0" ind2=" ">
    <subfield code="a">Jean-Pierre Chevailler, euphonium ; City of London Sinfonia ; George Lloyd, conductor.</subfield>
  </datafield>
  <datafield tag="518" ind1=" " ind2=" ">
    <subfield code="a">Recorded Feb. 1986, London.</subfield>
  </datafield>
  <datafield tag="500" ind1=" " ind2=" ">
    <subfield code="a">Compact disc.</subfield>
  </datafield>
  <datafield tag="500" ind1=" " ind2=" ">
    <subfield code="a">Issued also as cassette: Troy 201-4.</subfield>
  </datafield>
  <datafield tag="505" ind1="0" ind2=" ">
    <subfield code="a">Concerto in F minor / Haendel (11:00) -- Concerto in B flat, K191 / Mozart (17:00) -- Concerto in F major / Danzi (17:00).</subfield>
  </datafield>
  <datafield tag="650" ind1=" " ind2="0">
    <subfield code="a">Concertos (Euphonium), Arranged.</subfield>
  </datafield>
  <datafield tag="650" ind1=" " ind2="0">
    <subfield code="a">Concertos (Euphonium with string orchestra), Arranged.</subfield>
  </datafield>
  <datafield tag="700" ind1="1" ind2=" ">
    <subfield code="a">Lloyd, George,</subfield>
    <subfield code="d">1913-</subfield>
    <subfield code="4">cnd</subfield>
  </datafield>
  <datafield tag="700" ind1="1" ind2="2">
    <subfield code="a">Handel, George Frideric,</subfield>
    <subfield code="d">1685-1759.</subfield>
    <subfield code="t">Concertos,</subfield>
    <subfield code="m">oboe, string orchestra,</subfield>
    <subfield code="n">HWV 287,</subfield>
    <subfield code="r">G minor;</subfield>
    <subfield code="o">arr.</subfield>
  </datafield>
  <datafield tag="700" ind1="1" ind2="2">
    <subfield code="a">Mozart, Wolfgang Amadeus,</subfield>
    <subfield code="d">1756-1791.</subfield>
    <subfield code="t">Concertos,</subfield>
    <subfield code="m">bassoon, orchestra,</subfield>
    <subfield code="n">K. 191,</subfield>
    <subfield code="r">Bb major;</subfield>
    <subfield code="o">arr.</subfield>
  </datafield>
  <datafield tag="700" ind1="1" ind2="2">
    <subfield code="a">Danzi, Franz,</subfield>
    <subfield code="d">1763-1826.</subfield>
    <subfield code="t">Concertos,</subfield>
    <subfield code="m">bassoon, orchestra,</subfield>
    <subfield code="n">P. 237,</subfield>
    <subfield code="r">F major;</subfield>
    <subfield code="o">arr.</subfield>
  </datafield>
  <datafield tag="710" ind1="2" ind2=" ">
    <subfield code="a">City of London Sinfonia.</subfield>
    <subfield code="4">prf</subfield>
  </datafield>
  <datafield tag="985" ind1=" " ind2=" ">
    <subfield code="c">OCLC</subfield>
    <subfield code="e">Claimed Recordings</subfield>
  </datafield>
</record>