
<record>
  <leader>02256cjm a2200445 a 4500</leader>
  <controlfield tag="001">5639503</controlfield>
  <controlfield tag="005">20020708155251.0</controlfield>
  <controlfield tag="007">sduzsnznnmlne</controlfield>
  <controlfield tag="008">911118p19901988nyucon                   </controlfield>
  <datafield tag="035" ind1=" " ind2=" ">
    <subfield code="9">(DLC)   91760834</subfield>
  </datafield>
  <datafield tag="906" ind1=" " ind2=" ">
    <subfield code="a">7</subfield>
    <subfield code="b">cbc</subfield>
    <subfield code="c">orignew</subfield>
    <subfield code="d">2</subfield>
    <subfield code="e">ncip</subfield>
    <subfield code="f">19</subfield>
    <subfield code="g">y-genmusic</subfield>
  </datafield>
  <datafield tag="010" ind1=" " ind2=" ">
    <subfield code="a">   91760834 </subfield>
  </datafield>
  <datafield tag="028" ind1="0" ind2="2">
    <subfield code="a">425 478-2</subfield>
    <subfield code="b">London</subfield>
  </datafield>
  <datafield tag="033" ind1="0" ind2=" ">
    <subfield code="a">198806--</subfield>
    <subfield code="b">6004</subfield>
    <subfield code="c">A5</subfield>
  </datafield>
  <datafield tag="040" ind1=" " ind2=" ">
    <subfield code="a">DLC</subfield>
    <subfield code="c">DLC</subfield>
    <subfield code="d">DLC</subfield>
  </datafield>
  <datafield tag="050" ind1="0" ind2="0">
    <subfield code="a">London 425 478-2</subfield>
  </datafield>
  <datafield tag="100" ind1="1" ind2=" ">
    <subfield code="a">Harrell, Lynn.</subfield>
    <subfield code="4">prf</subfield>
  </datafield>
  <datafield tag="245" ind1="1" ind2="0">
    <subfield code="a">Cello concerti</subfield>
    <subfield code="h">[sound recording].</subfield>
  </datafield>
  <datafield tag="260" ind1=" " ind2=" ">
    <subfield code="a">New York, N.Y. :</subfield>
    <subfield code="b">London,</subfield>
    <subfield code="c">p1990.</subfield>
  </datafield>
  <datafield tag="300" ind1=" " ind2=" ">
    <subfield code="a">1 sound disc :</subfield>
    <subfield code="b">digital, stereo. ;</subfield>
    <subfield code="c">4 3/4 in.</subfield>
  </datafield>
  <datafield tag="306" ind1=" " ind2=" ">
    <subfield code="a">001900</subfield>
    <subfield code="a">000706</subfield>
    <subfield code="a">000304</subfield>
    <subfield code="a">000728</subfield>
    <subfield code="a">002700</subfield>
  </datafield>
  <datafield tag="500" ind1=" " ind2=" ">
    <subfield code="a">The 2nd work originally for violin and orchestra, the 3rd for flute and orchestra.</subfield>
  </datafield>
  <datafield tag="500" ind1=" " ind2=" ">
    <subfield code="a">Title on container: Cello concertos.</subfield>
  </datafield>
  <datafield tag="511" ind1="0" ind2=" ">
    <subfield code="a">Lynn Harrell, violoncello and director ; Concertgebouw Chamber Orchestra.</subfield>
  </datafield>
  <datafield tag="518" ind1=" " ind2=" ">
    <subfield code="a">Recorded Waalsekerk, Amsterdam, June 1988.</subfield>
  </datafield>
  <datafield tag="500" ind1=" " ind2=" ">
    <subfield code="a">Compact disc.</subfield>
  </datafield>
  <datafield tag="505" ind1="0" ind2=" ">
    <subfield code="a">Concerto in A major / Carl Philipp Emanuel Bach (19:00) -- Adagio in E major, K. 261 / Wolfgang Amadeus Mozart (7:06) -- Melody in B minor / Christoph Willibald Gluck (3:04) -- Variations on a theme from Mozart&apos;s Don Giovanni / Franz Danzi (7:28) -- Concerto in D major / Joseph Haydn (27:00).</subfield>
  </datafield>
  <datafield tag="650" ind1=" " ind2="0">
    <subfield code="a">Concertos (Violoncello with string orchestra)</subfield>
  </datafield>
  <datafield tag="650" ind1=" " ind2="0">
    <subfield code="a">Violoncello with orchestra, Arranged.</subfield>
  </datafield>
  <datafield tag="650" ind1=" " ind2="0">
    <subfield code="a">Variations (Violoncello with orchestra)</subfield>
  </datafield>
  <datafield tag="650" ind1=" " ind2="0">
    <subfield code="a">Concertos (Violoncello)</subfield>
  </datafield>
  <datafield tag="700" ind1="1" ind2="2">
    <subfield code="a">Bach, Carl Philipp Emanuel,</subfield>
    <subfield code="d">1714-1788.</subfield>
    <subfield code="t">Concertos,</subfield>
    <subfield code="m">violoncello, string orchestra,</subfield>
    <subfield code="n">H. 439,</subfield>
    <subfield code="r">A major.</subfield>
  </datafield>
  <datafield tag="700" ind1="1" ind2="2">
    <subfield code="a">Mozart, Wolfgang Amadeus,</subfield>
    <subfield code="d">1756-1791.</subfield>
    <subfield code="t">Adagios,</subfield>
    <subfield code="m">violin, orchestra,</subfield>
    <subfield code="n">K. 261,</subfield>
    <subfield code="r">E major;</subfield>
    <subfield code="o">arr.</subfield>
  </datafield>
  <datafield tag="700" ind1="1" ind2="2">
    <subfield code="a">Gluck, Christoph Willibald,</subfield>
    <subfield code="c">Ritter von,</subfield>
    <subfield code="d">1714-1787.</subfield>
    <subfield code="t">Orphě et Eurydice.</subfield>
    <subfield code="p">Ballet des ombres heureuses.</subfield>
    <subfield code="p">Mm̊e mouvement;</subfield>
    <subfield code="o">arr.</subfield>
  </datafield>
  <datafield tag="700" ind1="1" ind2="2">
    <subfield code="a">Danzi, Franz,</subfield>
    <subfield code="d">1763-1826.</subfield>
    <subfield code="t">Concertos,</subfield>
    <subfield code="m">violoncello, orchestra,</subfield>
    <subfield code="n">P. 241,</subfield>
    <subfield code="r">A major.</subfield>
    <subfield code="p">Andante.</subfield>
  </datafield>
  <datafield tag="700" ind1="1" ind2="2">
    <subfield code="a">Haydn, Joseph,</subfield>
    <subfield code="d">1732-1809.</subfield>
    <subfield code="t">Concertos,</subfield>
    <subfield code="m">violoncello, orchestra,</subfield>
    <subfield code="n">H. VIIb, 2,</subfield>
    <subfield code="r">D major.</subfield>
  </datafield>
  <datafield tag="710" ind1="2" ind2=" ">
    <subfield code="a">Concertgebouw Chamber Orchestra.</subfield>
    <subfield code="4">prf</subfield>
  </datafield>
  <datafield tag="740" ind1="0" ind2=" ">
    <subfield code="a">Cello concertos.</subfield>
  </datafield>
  <datafield tag="953" ind1=" " ind2=" ">
    <subfield code="a">TA28</subfield>
  </datafield>
  <datafield tag="991" ind1=" " ind2=" ">
    <subfield code="b">c-RecSound</subfield>
    <subfield code="h">London 425 478-2</subfield>
    <subfield code="w">MUSIC</subfield>
  </datafield>
</record>