
<record>
  <leader>00992ccm a22002537a 4500</leader>
  <controlfield tag="001">5690133</controlfield>
  <controlfield tag="005">19970424115343.5</controlfield>
  <controlfield tag="008">930915s1991    fr vra         n         </controlfield>
  <datafield tag="035" ind1=" " ind2=" ">
    <subfield code="9">(DLC)   93724738</subfield>
  </datafield>
  <datafield tag="906" ind1=" " ind2=" ">
    <subfield code="a">7</subfield>
    <subfield code="b">cbc</subfield>
    <subfield code="c">orignew</subfield>
    <subfield code="d">4</subfield>
    <subfield code="e">ncip</subfield>
    <subfield code="f">19</subfield>
    <subfield code="g">y-genmusic</subfield>
  </datafield>
  <datafield tag="010" ind1=" " ind2=" ">
    <subfield code="a">   93724738 </subfield>
  </datafield>
  <datafield tag="028" ind1="2" ind2="2">
    <subfield code="a">MR 2191a</subfield>
    <subfield code="b">Musica Rara</subfield>
  </datafield>
  <datafield tag="040" ind1=" " ind2=" ">
    <subfield code="a">DLC</subfield>
    <subfield code="c">DLC</subfield>
    <subfield code="d">DLC</subfield>
  </datafield>
  <datafield tag="050" ind1="0" ind2="0">
    <subfield code="a">M1025.D183</subfield>
    <subfield code="b">P68 1991</subfield>
  </datafield>
  <datafield tag="100" ind1="1" ind2=" ">
    <subfield code="a">Danzi, Franz,</subfield>
    <subfield code="d">1763-1826.</subfield>
  </datafield>
  <datafield tag="240" ind1="1" ind2="0">
    <subfield code="a">Potpourris,</subfield>
    <subfield code="m">clarinet, orchestra,</subfield>
    <subfield code="n">no. 3,</subfield>
    <subfield code="r">Bb major;</subfield>
    <subfield code="o">arr.</subfield>
  </datafield>
  <datafield tag="245" ind1="1" ind2="0">
    <subfield code="a">Concert piece :</subfield>
    <subfield code="b">no. 3 in B flat for clarinet and string quartet /</subfield>
    <subfield code="c">Franz Danzi ; editor, S. Beyer.</subfield>
  </datafield>
  <datafield tag="260" ind1=" " ind2=" ">
    <subfield code="a">Monteux, France :</subfield>
    <subfield code="b">Musica Rara,</subfield>
    <subfield code="c">c1991.</subfield>
  </datafield>
  <datafield tag="300" ind1=" " ind2=" ">
    <subfield code="a">1 score (15 p.) + 1 part (7 p.) ;</subfield>
    <subfield code="c">30 cm.</subfield>
  </datafield>
  <datafield tag="500" ind1=" " ind2=" ">
    <subfield code="a">Acc. arr. for piano; originally for string quartet or string orchestra with optional winds.</subfield>
  </datafield>
  <datafield tag="500" ind1=" " ind2=" ">
    <subfield code="a">Production level cataloging.</subfield>
  </datafield>
  <datafield tag="650" ind1=" " ind2="0">
    <subfield code="a">Clarinet with orchestra</subfield>
    <subfield code="x">Solo with piano.</subfield>
  </datafield>
  <datafield tag="953" ind1=" " ind2=" ">
    <subfield code="a">TA28</subfield>
  </datafield>
  <datafield tag="991" ind1=" " ind2=" ">
    <subfield code="b">c-Music</subfield>
    <subfield code="h">M1025.D183</subfield>
    <subfield code="i">P68 1991</subfield>
    <subfield code="t">Copy 1</subfield>
    <subfield code="w">MUSIC</subfield>
  </datafield>
</record>