
<record>
  <leader>03467cjm a22006611a 4500</leader>
  <controlfield tag="001">5800796</controlfield>
  <controlfield tag="005">19990623182428.1</controlfield>
  <controlfield tag="007">ss|usnzlzznned</controlfield>
  <controlfield tag="008">990623s1991    dcuuun              ger  </controlfield>
  <datafield tag="035" ind1=" " ind2=" ">
    <subfield code="9">(DLC)   99391086</subfield>
  </datafield>
  <datafield tag="906" ind1=" " ind2=" ">
    <subfield code="a">7</subfield>
    <subfield code="b">cbc</subfield>
    <subfield code="c">orignew</subfield>
    <subfield code="d">3</subfield>
    <subfield code="e">ncip</subfield>
    <subfield code="f">19</subfield>
    <subfield code="g">y-genmusic</subfield>
  </datafield>
  <datafield tag="955" ind1=" " ind2=" ">
    <subfield code="a">vk03 06-22-99</subfield>
  </datafield>
  <datafield tag="010" ind1=" " ind2=" ">
    <subfield code="a">   99391086 </subfield>
  </datafield>
  <datafield tag="033" ind1="0" ind2=" ">
    <subfield code="a">19910807</subfield>
    <subfield code="b">3750</subfield>
  </datafield>
  <datafield tag="040" ind1=" " ind2=" ">
    <subfield code="a">DLC</subfield>
    <subfield code="c">DLC</subfield>
    <subfield code="d">DLC</subfield>
  </datafield>
  <datafield tag="050" ind1="0" ind2="0">
    <subfield code="a">RGA 5125</subfield>
  </datafield>
  <datafield tag="050" ind1="0" ind2="0">
    <subfield code="a">RGA 5126 (copy 2)</subfield>
  </datafield>
  <datafield tag="245" ind1="0" ind2="0">
    <subfield code="a">[Marlboro Music Festival, 1991-08-07]</subfield>
    <subfield code="h">[sound recording].</subfield>
  </datafield>
  <datafield tag="246" ind1="1" ind2=" ">
    <subfield code="i">Title from program:</subfield>
    <subfield code="a">Informal concert</subfield>
  </datafield>
  <datafield tag="260" ind1=" " ind2=" ">
    <subfield code="c">[1991]</subfield>
  </datafield>
  <datafield tag="300" ind1=" " ind2=" ">
    <subfield code="a">1 sound cassette :</subfield>
    <subfield code="b">digital, stereo.</subfield>
  </datafield>
  <datafield tag="511" ind1="0" ind2=" ">
    <subfield code="a">Steven Dibner, bassoon, Donald Weilerstein, violin, Misha Amory, viola, Melissa Brooks, violoncello (in the Danzi) ; Robert Walters, oboe, Vinciane Břanger, viola, Luis Batlle, piano (in the Loeffler) ; Carol Ann Allred, soprano, Mary Westbrook-Geha, mezzo-soprano, Gregory Hopkins, tenor, Paul Rowe, baritone, Ignat Solzhenitsyn, Luis Batlle, pianos (in the Schumann) ; Eduard Brunner, clarinet, Steven Dibner, bassoon, Marie-Luise Neunecker, horn, Jan Vogler, violoncello, Joseph Carver, double bass (in the Nielsen) ; Ignat Solzhenitsyn, piano, Zheng-Rong Wang, violin, Sylvie Gazeau, viola, Amy Levine, violoncello (in the Mendelssohn).</subfield>
  </datafield>
  <datafield tag="518" ind1=" " ind2=" ">
    <subfield code="a">Recorded Aug. 8, 1991, Marlboro, Vt.</subfield>
  </datafield>
  <datafield tag="500" ind1=" " ind2=" ">
    <subfield code="a">Tape may be edited for broadcast.</subfield>
  </datafield>
  <datafield tag="505" ind1="0" ind2=" ">
    <subfield code="a">Quartet in D minor, opus 40, no. 2 / Franz Danzi -- Rhapsody after a poem by Rollinat : Le cornemuse = The bagpipe / Charles Martin Loeffler -- Spanische Liebeslieder : opus 138 (1849) / Robert Schumann ; texts by Emanuel Geibel, after Spanish folk poems -- Serenata invano : 1914 / Carl Nielsen -- Quartet in F minor, opus 2 (1823) / Felix Mendelssohn.</subfield>
  </datafield>
  <datafield tag="500" ind1=" " ind2=" ">
    <subfield code="a">Cataloged from information supplied by the Festival; sequence of works not certain; actual tape contents may vary.</subfield>
  </datafield>
  <datafield tag="650" ind1=" " ind2="0">
    <subfield code="a">Quartets (Bassoon, violin, viola, violoncello)</subfield>
  </datafield>
  <datafield tag="650" ind1=" " ind2="0">
    <subfield code="a">Trios (Piano, oboe, viola)</subfield>
  </datafield>
  <datafield tag="650" ind1=" " ind2="0">
    <subfield code="a">Vocal quartets with piano, 4 hands.</subfield>
  </datafield>
  <datafield tag="650" ind1=" " ind2="0">
    <subfield code="a">Piano quartets.</subfield>
  </datafield>
  <datafield tag="700" ind1="1" ind2=" ">
    <subfield code="a">Dibner, Steven.</subfield>
    <subfield code="4">prf</subfield>
  </datafield>
  <datafield tag="700" ind1="1" ind2=" ">
    <subfield code="a">Weilerstein, Donald.</subfield>
    <subfield code="4">prf</subfield>
  </datafield>
  <datafield tag="700" ind1="1" ind2=" ">
    <subfield code="a">Amory, Misha.</subfield>
    <subfield code="4">prf</subfield>
  </datafield>
  <datafield tag="700" ind1="1" ind2=" ">
    <subfield code="a">Brooks, Melissa,</subfield>
    <subfield code="c">violoncellist.</subfield>
    <subfield code="4">prf</subfield>
  </datafield>
  <datafield tag="700" ind1="1" ind2=" ">
    <subfield code="a">Walters, Robert,</subfield>
    <subfield code="c">oboist.</subfield>
    <subfield code="4">prf</subfield>
  </datafield>
  <datafield tag="700" ind1="1" ind2=" ">
    <subfield code="a">Břanger, Vinciane.</subfield>
    <subfield code="4">prf</subfield>
  </datafield>
  <datafield tag="700" ind1="1" ind2=" ">
    <subfield code="a">Batlle, Luis.</subfield>
    <subfield code="4">prf</subfield>
  </datafield>
  <datafield tag="700" ind1="1" ind2=" ">
    <subfield code="a">Allred, Carol Ann.</subfield>
    <subfield code="4">prf</subfield>
  </datafield>
  <datafield tag="700" ind1="2" ind2=" ">
    <subfield code="a">Westbrook-Geha, Mary.</subfield>
    <subfield code="4">prf</subfield>
  </datafield>
  <datafield tag="700" ind1="1" ind2=" ">
    <subfield code="a">Hopkins, Gregory.</subfield>
    <subfield code="4">prf</subfield>
  </datafield>
  <datafield tag="700" ind1="1" ind2=" ">
    <subfield code="a">Rowe, Paul.</subfield>
    <subfield code="4">prf</subfield>
  </datafield>
  <datafield tag="700" ind1="1" ind2=" ">
    <subfield code="a">Solzhenitsyn, Ignat.</subfield>
    <subfield code="4">prf</subfield>
  </datafield>
  <datafield tag="700" ind1="1" ind2=" ">
    <subfield code="a">Brunner, Eduard.</subfield>
    <subfield code="4">prf</subfield>
  </datafield>
  <datafield tag="700" ind1="1" ind2=" ">
    <subfield code="a">Neunecker, Marie Luise.</subfield>
    <subfield code="4">prf</subfield>
  </datafield>
  <datafield tag="700" ind1="1" ind2=" ">
    <subfield code="a">Vogler, Jan,</subfield>
    <subfield code="d">1964-</subfield>
    <subfield code="4">prf</subfield>
  </datafield>
  <datafield tag="700" ind1="1" ind2=" ">
    <subfield code="a">Carver, Joseph,</subfield>
    <subfield code="c">double bassist.</subfield>
    <subfield code="4">prf</subfield>
  </datafield>
  <datafield tag="700" ind1="1" ind2=" ">
    <subfield code="a">Wang, Zheng-Rong.</subfield>
    <subfield code="4">prf</subfield>
  </datafield>
  <datafield tag="700" ind1="1" ind2=" ">
    <subfield code="a">Gazeau, Sylvie.</subfield>
    <subfield code="4">prf</subfield>
  </datafield>
  <datafield tag="700" ind1="1" ind2=" ">
    <subfield code="a">Levine, Amy.</subfield>
    <subfield code="4">prf</subfield>
  </datafield>
  <datafield tag="700" ind1="1" ind2="2">
    <subfield code="a">Danzi, Franz,</subfield>
    <subfield code="d">1763-1826.</subfield>
    <subfield code="t">Quartets,</subfield>
    <subfield code="m">bassoon, violin, viola, violoncello,</subfield>
    <subfield code="n">op. 40.</subfield>
    <subfield code="n">No. 2.</subfield>
  </datafield>
  <datafield tag="700" ind1="1" ind2="2">
    <subfield code="a">Loeffler, Charles Martin,</subfield>
    <subfield code="d">1861-1935.</subfield>
    <subfield code="t">Rhapsodies,</subfield>
    <subfield code="m">piano, oboe, viola.</subfield>
  </datafield>
  <datafield tag="700" ind1="1" ind2="2">
    <subfield code="a">Schumann, Robert,</subfield>
    <subfield code="d">1810-1856.</subfield>
    <subfield code="t">Spanische Liebeslieder.</subfield>
  </datafield>
  <datafield tag="700" ind1="1" ind2="2">
    <subfield code="a">Nielsen, Carl,</subfield>
    <subfield code="d">1865-1931.</subfield>
    <subfield code="t">Serenata-invano.</subfield>
  </datafield>
  <datafield tag="700" ind1="2" ind2="2">
    <subfield code="a">Mendelssohn-Bartholdy, Felix,</subfield>
    <subfield code="d">1809-1847.</subfield>
    <subfield code="t">Quartets,</subfield>
    <subfield code="m">piano, strings,</subfield>
    <subfield code="n">no. 2, op. 2,</subfield>
    <subfield code="r">F minor.</subfield>
  </datafield>
  <datafield tag="711" ind1="2" ind2=" ">
    <subfield code="a">Marlboro Music School and Festival.</subfield>
  </datafield>
  <datafield tag="953" ind1=" " ind2=" ">
    <subfield code="a">TA28</subfield>
  </datafield>
  <datafield tag="991" ind1=" " ind2=" ">
    <subfield code="b">c-RecSound</subfield>
    <subfield code="h">RGA 5125</subfield>
    <subfield code="w">MUSIC</subfield>
  </datafield>
  <datafield tag="991" ind1=" " ind2=" ">
    <subfield code="b">c-RecSound</subfield>
    <subfield code="h">RGA 5126 (copy 2)</subfield>
    <subfield code="w">MUSIC</subfield>
  </datafield>
</record>