
<record>
  <leader>01644cjm a2200385 a 4500</leader>
  <controlfield tag="001">5732042</controlfield>
  <controlfield tag="005">19980501091219.0</controlfield>
  <controlfield tag="007">sduzsnznnmlned</controlfield>
  <controlfield tag="008">941208q19921994gw uun                   </controlfield>
  <datafield tag="035" ind1=" " ind2=" ">
    <subfield code="9">(DLC)   94775033</subfield>
  </datafield>
  <datafield tag="906" ind1=" " ind2=" ">
    <subfield code="a">7</subfield>
    <subfield code="b">cbc</subfield>
    <subfield code="c">orignew</subfield>
    <subfield code="d">3</subfield>
    <subfield code="e">ncip</subfield>
    <subfield code="f">19</subfield>
    <subfield code="g">y-genmusic</subfield>
  </datafield>
  <datafield tag="955" ind1=" " ind2=" ">
    <subfield code="a">vk06 12-08-94</subfield>
  </datafield>
  <datafield tag="010" ind1=" " ind2=" ">
    <subfield code="a">   94775033 </subfield>
  </datafield>
  <datafield tag="028" ind1="0" ind2="2">
    <subfield code="a">amb 97 877</subfield>
    <subfield code="b">Ambitus</subfield>
  </datafield>
  <datafield tag="033" ind1="0" ind2=" ">
    <subfield code="a">1987----</subfield>
    <subfield code="b">6295</subfield>
  </datafield>
  <datafield tag="035" ind1=" " ind2=" ">
    <subfield code="a">(OCoLC)31635038 </subfield>
  </datafield>
  <datafield tag="040" ind1=" " ind2=" ">
    <subfield code="a">DLC</subfield>
    <subfield code="c">DLC</subfield>
    <subfield code="d">DLC</subfield>
  </datafield>
  <datafield tag="050" ind1="0" ind2="0">
    <subfield code="a">Ambitus amb 97 877</subfield>
  </datafield>
  <datafield tag="110" ind1="2" ind2=" ">
    <subfield code="a">Roseau-Quintett.</subfield>
    <subfield code="4">prf</subfield>
  </datafield>
  <datafield tag="245" ind1="1" ind2="0">
    <subfield code="a">Roseau-Quintett</subfield>
    <subfield code="h">[sound recording].</subfield>
  </datafield>
  <datafield tag="260" ind1=" " ind2=" ">
    <subfield code="a">Utting a.A. :</subfield>
    <subfield code="b">Ambitus,</subfield>
    <subfield code="c">[between 1992 and 1994]</subfield>
  </datafield>
  <datafield tag="300" ind1=" " ind2=" ">
    <subfield code="a">1 sound disc :</subfield>
    <subfield code="b">digital ;</subfield>
    <subfield code="c">4 3/4 in.</subfield>
  </datafield>
  <datafield tag="306" ind1=" " ind2=" ">
    <subfield code="a">001407</subfield>
    <subfield code="a">001110</subfield>
    <subfield code="a">002025</subfield>
    <subfield code="a">000724</subfield>
  </datafield>
  <datafield tag="511" ind1="0" ind2=" ">
    <subfield code="a">Roseau-Quintett.</subfield>
  </datafield>
  <datafield tag="518" ind1=" " ind2=" ">
    <subfield code="a">Recorded 1987, in Nurnberg.</subfield>
  </datafield>
  <datafield tag="500" ind1=" " ind2=" ">
    <subfield code="a">Compact di</subfield>
  </datafield>
  <datafield tag="505" ind1="0" ind2=" ">
    <subfield code="a">Quintett B-Dur op. 56,1 fur Flt̲e, Oboe, Klarinette, Horn und Fagott / Franz Danzi (14:07) -- Sechs Bagatellen fur Bls̃erquintett (1953) / Gyr̲gy Ligeti (11:10) -- Bls̃erquintett B-Dur, op. 28 fur Flt̲e, Oboe, Klarinette, Horn und Fagott / Heinrich Kaspar Schmid (20:25) -- Permutazioni a cinque : fur Bls̃erquintett (1958) / Mt̀ys̀ Seiber (7:24).</subfield>
  </datafield>
  <datafield tag="650" ind1=" " ind2="0">
    <subfield code="a">Wind quintets (Bassoon, clarinet, flute,</subfield>
  </datafield>
  <datafield tag="700" ind1="1" ind2="2">
    <subfield code="a">Danzi, Franz,</subfield>
    <subfield code="d">1763-1826.</subfield>
    <subfield code="t">Quintets,</subfield>
    <subfield code="m">winds,</subfield>
    <subfield code="n">op. 56.</subfield>
    <subfield code="n">No. 1.</subfield>
  </datafield>
  <datafield tag="700" ind1="1" ind2="2">
    <subfield code="a">Ligeti, Gyr̲gy,</subfield>
    <subfield code="d">1923-</subfield>
    <subfield code="t">Bagatelles,</subfield>
    <subfield code="m">wind quintet.</subfield>
  </datafield>
  <datafield tag="700" ind1="1" ind2="2">
    <subfield code="a">Schmid, Heinrich Kaspar,</subfield>
    <subfield code="d">1874-</subfield>
    <subfield code="t">Quintets,</subfield>
    <subfield code="m">winds,</subfield>
    <subfield code="n">op. 28,</subfield>
    <subfield code="r">Bb major.</subfield>
  </datafield>
  <datafield tag="700" ind1="1" ind2="2">
    <subfield code="a">Seiber, Mt̀ys̀.</subfield>
    <subfield code="t">Permutazioni a cinque.</subfield>
  </datafield>
  <datafield tag="953" ind1=" " ind2=" ">
    <subfield code="a">TA28</subfield>
  </datafield>
  <datafield tag="985" ind1=" " ind2=" ">
    <subfield code="a">9412</subfield>
  </datafield>
  <datafield tag="991" ind1=" " ind2=" ">
    <subfield code="b">c-RecSound</subfield>
    <subfield code="h">Ambitus amb 97 877</subfield>
    <subfield code="w">MUSIC</subfield>
  </datafield>
</record>