
<record>
  <leader>01763njm a22003971a 4500</leader>
  <controlfield tag="001">12063541</controlfield>
  <controlfield tag="005">20000619184724.0</controlfield>
  <controlfield tag="007">sdufsngnn---ed</controlfield>
  <controlfield tag="008">930607p19921991sw zzn                  d</controlfield>
  <datafield tag="035" ind1=" " ind2=" ">
    <subfield code="a">(OCoLC)ocm28226979</subfield>
  </datafield>
  <datafield tag="906" ind1=" " ind2=" ">
    <subfield code="a">0</subfield>
    <subfield code="b">cbc</subfield>
    <subfield code="c">copycat</subfield>
    <subfield code="d">3</subfield>
    <subfield code="e">ncip</subfield>
    <subfield code="f">19</subfield>
    <subfield code="g">y-soundrec</subfield>
  </datafield>
  <datafield tag="010" ind1=" " ind2=" ">
    <subfield code="a">   99585220 </subfield>
  </datafield>
  <datafield tag="028" ind1="0" ind2="2">
    <subfield code="a">CD-552</subfield>
    <subfield code="b">Bis</subfield>
  </datafield>
  <datafield tag="033" ind1="1" ind2="0">
    <subfield code="a">19911014</subfield>
    <subfield code="a">19920228</subfield>
    <subfield code="a">19920228</subfield>
    <subfield code="b">6299</subfield>
    <subfield code="c">B3</subfield>
  </datafield>
  <datafield tag="033" ind1="0" ind2="0">
    <subfield code="a">19911011</subfield>
    <subfield code="b">6954</subfield>
    <subfield code="c">D3</subfield>
  </datafield>
  <datafield tag="040" ind1=" " ind2=" ">
    <subfield code="a">CR2</subfield>
    <subfield code="c">CR2</subfield>
    <subfield code="d">DLC</subfield>
  </datafield>
  <datafield tag="041" ind1="0" ind2=" ">
    <subfield code="g">engfreger</subfield>
  </datafield>
  <datafield tag="042" ind1=" " ind2=" ">
    <subfield code="a">lcderive</subfield>
  </datafield>
  <datafield tag="050" ind1="0" ind2="0">
    <subfield code="a">Bis CD-552</subfield>
  </datafield>
  <datafield tag="100" ind1="1" ind2=" ">
    <subfield code="a">Danzi, Franz,</subfield>
    <subfield code="d">1763-1826.</subfield>
  </datafield>
  <datafield tag="240" ind1="1" ind2="0">
    <subfield code="a">Quintets,</subfield>
    <subfield code="m">winds,</subfield>
    <subfield code="n">op. 56</subfield>
  </datafield>
  <datafield tag="245" ind1="0" ind2="0">
    <subfield code="a">Wind quintets, op. 56 nos. 1-3 ; Quintet for piano and wind, op. 41</subfield>
    <subfield code="h">sound recording /</subfield>
    <subfield code="c">Franz Danzi.</subfield>
  </datafield>
  <datafield tag="260" ind1=" " ind2=" ">
    <subfield code="a">Djursholm, Sweden :</subfield>
    <subfield code="b">Bis ;</subfield>
    <subfield code="a">N[ew] Y[ork] :</subfield>
    <subfield code="b">dist. by Qualiton Imports,</subfield>
    <subfield code="c">1992, p1991-1992.</subfield>
  </datafield>
  <datafield tag="300" ind1=" " ind2=" ">
    <subfield code="a">1 sound disc (79 min.) :</subfield>
    <subfield code="b">digital, stereo. ;</subfield>
    <subfield code="c">4 3/4 in.</subfield>
  </datafield>
  <datafield tag="306" ind1=" " ind2=" ">
    <subfield code="a">011820</subfield>
  </datafield>
  <datafield tag="511" ind1="0" ind2=" ">
    <subfield code="a">Love Derwinger, piano ; Philharmonisches Bls̃erquintett Berlin.</subfield>
  </datafield>
  <datafield tag="518" ind1=" " ind2=" ">
    <subfield code="a">Recorded at the Andreaskirche, Wannsee, Berlin, Oct. 14, 1991 (op. 56, no. 2) and Feb. 26 and 28, 1992 (op. 56, no. 1 and 3), and at Danderyds Gymnasium, Sweden, Oct. 11, 1991 (op. 41).</subfield>
  </datafield>
  <datafield tag="500" ind1=" " ind2=" ">
    <subfield code="a">Eds. recorded:  Peters (op. 56), Musica Rara (op. 41).</subfield>
  </datafield>
  <datafield tag="500" ind1=" " ind2=" ">
    <subfield code="a">Distributor from label on container.</subfield>
  </datafield>
  <datafield tag="500" ind1=" " ind2=" ">
    <subfield code="a">Durations:  15:52 ; 15:53 ; 22:30 ; 22:58.</subfield>
  </datafield>
  <datafield tag="650" ind1=" " ind2="0">
    <subfield code="a">Wind quintets (Bassoon, clarinet, flute, horn, oboe)</subfield>
  </datafield>
  <datafield tag="650" ind1=" " ind2="0">
    <subfield code="a">Quintets (Piano, bassoon, clarinet, horn, oboe)</subfield>
  </datafield>
  <datafield tag="700" ind1="1" ind2=" ">
    <subfield code="a">Derwinger, Love,</subfield>
    <subfield code="d">1966-</subfield>
    <subfield code="4">prf</subfield>
  </datafield>
  <datafield tag="700" ind1="1" ind2="2">
    <subfield code="a">Danzi, Franz,</subfield>
    <subfield code="d">1763-1826.</subfield>
    <subfield code="t">Quintets,</subfield>
    <subfield code="m">piano, oboe, clarinet, horn, bassoon,</subfield>
    <subfield code="n">op. 41,</subfield>
    <subfield code="r">D minor.</subfield>
  </datafield>
  <datafield tag="710" ind1="2" ind2=" ">
    <subfield code="a">Philharmonisches Bls̃erquintett Berlin.</subfield>
    <subfield code="4">prf</subfield>
  </datafield>
  <datafield tag="985" ind1=" " ind2=" ">
    <subfield code="c">OCLC</subfield>
    <subfield code="e">Claimed Recordings</subfield>
  </datafield>
</record>