
<record>
  <leader>01782njm a22003611a 4500</leader>
  <controlfield tag="001">12075155</controlfield>
  <controlfield tag="005">20000623223214.0</controlfield>
  <controlfield tag="007">sdufungnn-m-ed</controlfield>
  <controlfield tag="008">950609s1993    au uun                   </controlfield>
  <datafield tag="035" ind1=" " ind2=" ">
    <subfield code="a">(OCoLC)ocm32620741</subfield>
  </datafield>
  <datafield tag="906" ind1=" " ind2=" ">
    <subfield code="a">0</subfield>
    <subfield code="b">cbc</subfield>
    <subfield code="c">copycat</subfield>
    <subfield code="d">3</subfield>
    <subfield code="e">ncip</subfield>
    <subfield code="f">19</subfield>
    <subfield code="g">y-soundrec</subfield>
  </datafield>
  <datafield tag="010" ind1=" " ind2=" ">
    <subfield code="a">   99590984 </subfield>
  </datafield>
  <datafield tag="024" ind1="1" ind2=" ">
    <subfield code="a">8936804282</subfield>
  </datafield>
  <datafield tag="028" ind1="0" ind2="2">
    <subfield code="a">DIV 31008</subfield>
    <subfield code="b">Divertimento</subfield>
  </datafield>
  <datafield tag="040" ind1=" " ind2=" ">
    <subfield code="a">DLC</subfield>
    <subfield code="c">CaOHM</subfield>
    <subfield code="d">DLC</subfield>
  </datafield>
  <datafield tag="042" ind1=" " ind2=" ">
    <subfield code="a">lcderive</subfield>
  </datafield>
  <datafield tag="050" ind1="0" ind2="0">
    <subfield code="a">Divertimento DIV 31008</subfield>
  </datafield>
  <datafield tag="110" ind1="2" ind2=" ">
    <subfield code="a">Maurice Ravel Kammerorchester Wien.</subfield>
  </datafield>
  <datafield tag="245" ind1="1" ind2="0">
    <subfield code="a">Sinfonia concertante</subfield>
    <subfield code="h">[sound recording].</subfield>
  </datafield>
  <datafield tag="260" ind1=" " ind2=" ">
    <subfield code="a">Wien :</subfield>
    <subfield code="b">Divertimento,</subfield>
    <subfield code="c">p1993.</subfield>
  </datafield>
  <datafield tag="300" ind1=" " ind2=" ">
    <subfield code="a">1 sound disc :</subfield>
    <subfield code="b">digital ;</subfield>
    <subfield code="c">4 3/4 in.</subfield>
  </datafield>
  <datafield tag="500" ind1=" " ind2=" ">
    <subfield code="a">Compact disc.</subfield>
  </datafield>
  <datafield tag="500" ind1=" " ind2=" ">
    <subfield code="a">Program notes in German, with English and French translations, ([11] p.) inserted in container.</subfield>
  </datafield>
  <datafield tag="505" ind1="0" ind2=" ">
    <subfield code="a">Sinfonia Concertante fur Oboe, Fagott und Orchester C-Dur / Johann Christoph Vogel -- Doppelkonzert fur Klarinette, Fagott und Orchester B-Dur / Franz Anton Hoffmeister -- Sinfonia Concertante fur Klarinette, Fagott und Orchester B-Dur / Franz Danzi.</subfield>
  </datafield>
  <datafield tag="511" ind1="0" ind2=" ">
    <subfield code="a">Maurice-Ravel-Kammerorchester (Alfred Hertel, oboe ; Kurt Franz Schmid, clarinet ; Cornelia Slepicka, bassoon) ; Jean Philippe Rouchon, c</subfield>
  </datafield>
  <datafield tag="518" ind1=" " ind2=" ">
    <subfield code="a">Recorded February 1989.</subfield>
  </datafield>
  <datafield tag="650" ind1=" " ind2="0">
    <subfield code="a">Bassoon and clarinet with orchestra.</subfield>
  </datafield>
  <datafield tag="650" ind1=" " ind2="0">
    <subfield code="a">Oboe and bassoon with orchestra.</subfield>
  </datafield>
  <datafield tag="700" ind1="1" ind2=" ">
    <subfield code="a">Rouchon, Jean Philippe.</subfield>
  </datafield>
  <datafield tag="700" ind1="1" ind2="2">
    <subfield code="a">Hoffmeister, Franz Anton,</subfield>
    <subfield code="d">1754-1812.</subfield>
    <subfield code="t">Simphonie concertante,</subfield>
    <subfield code="m">clarinet, bassoon, orchestra,</subfield>
    <subfield code="n">op. 63,</subfield>
    <subfield code="r">B major.</subfield>
  </datafield>
  <datafield tag="700" ind1="1" ind2="2">
    <subfield code="a">Vogel, Johann Christoph,</subfield>
    <subfield code="d">1758-1788.</subfield>
    <subfield code="t">Sinfonie concertanti,</subfield>
    <subfield code="m">oboe, bassoon, orchestra,</subfield>
    <subfield code="r">C major.</subfield>
  </datafield>
  <datafield tag="700" ind1="1" ind2="2">
    <subfield code="a">Danzi, Franz,</subfield>
    <subfield code="d">1763-1826.</subfield>
    <subfield code="t">Concertantes,</subfield>
    <subfield code="m">clarinet, bassoon, orchestra,</subfield>
    <subfield code="n">op. 47</subfield>
    <subfield code="r">Bb major.</subfield>
  </datafield>
  <datafield tag="985" ind1=" " ind2=" ">
    <subfield code="c">OCLC</subfield>
    <subfield code="e">Claimed Recordings</subfield>
  </datafield>
</record>