
<record>
  <leader>01939njm a22003971a 4500</leader>
  <controlfield tag="001">12071924</controlfield>
  <controlfield tag="005">20000622181757.0</controlfield>
  <controlfield tag="007">sdufungnn---ed</controlfield>
  <controlfield tag="008">941229s1994    nyucon   z              d</controlfield>
  <datafield tag="035" ind1=" " ind2=" ">
    <subfield code="a">(OCoLC)ocm31750805</subfield>
  </datafield>
  <datafield tag="906" ind1=" " ind2=" ">
    <subfield code="a">0</subfield>
    <subfield code="b">cbc</subfield>
    <subfield code="c">copycat</subfield>
    <subfield code="d">3</subfield>
    <subfield code="e">ncip</subfield>
    <subfield code="f">19</subfield>
    <subfield code="g">y-soundrec</subfield>
  </datafield>
  <datafield tag="010" ind1=" " ind2=" ">
    <subfield code="a">   99589769 </subfield>
  </datafield>
  <datafield tag="024" ind1="1" ind2=" ">
    <subfield code="a">9026619762</subfield>
  </datafield>
  <datafield tag="028" ind1="0" ind2="2">
    <subfield code="a">09026-61976-2</subfield>
    <subfield code="b">RCA Victor Gold Seal</subfield>
  </datafield>
  <datafield tag="040" ind1=" " ind2=" ">
    <subfield code="a">IVJ</subfield>
    <subfield code="c">IVJ</subfield>
    <subfield code="d">DLC</subfield>
  </datafield>
  <datafield tag="042" ind1=" " ind2=" ">
    <subfield code="a">lcderive</subfield>
  </datafield>
  <datafield tag="050" ind1="0" ind2="0">
    <subfield code="a">RCA Victor Gold Seal 09026-61976-2</subfield>
  </datafield>
  <datafield tag="100" ind1="1" ind2=" ">
    <subfield code="a">Danzi, Franz,</subfield>
    <subfield code="d">1763-1826.</subfield>
  </datafield>
  <datafield tag="240" ind1="1" ind2="0">
    <subfield code="a">Concertos,</subfield>
    <subfield code="m">flute, orchestra</subfield>
  </datafield>
  <datafield tag="245" ind1="1" ind2="0">
    <subfield code="a">Flute concerto no. 2</subfield>
    <subfield code="h">[sound recording] ;</subfield>
    <subfield code="b">Concertante, op. 41 /</subfield>
    <subfield code="c">Franz Danzi.</subfield>
  </datafield>
  <datafield tag="260" ind1=" " ind2=" ">
    <subfield code="a">New York, N.Y. :</subfield>
    <subfield code="b">RCA Victor Gold Seal :</subfield>
    <subfield code="b">Distributed by BMG Music,</subfield>
    <subfield code="c">p1994.</subfield>
  </datafield>
  <datafield tag="300" ind1=" " ind2=" ">
    <subfield code="a">1 sound disc (51 min., 37 sec.) :</subfield>
    <subfield code="b">digital ;</subfield>
    <subfield code="c">4 3/4 in.</subfield>
  </datafield>
  <datafield tag="440" ind1=" " ind2="0">
    <subfield code="a">BMG classics</subfield>
  </datafield>
  <datafield tag="511" ind1="0" ind2=" ">
    <subfield code="a">James Galway, flute ; Sabine Meyer, clarinet ; Wurttembergisches Kammerorchester ; Jr̲g Faerber, conductor.</subfield>
  </datafield>
  <datafield tag="518" ind1=" " ind2=" ">
    <subfield code="a">Recorded September 9-11, 1993, Evangelische Stadtkirche, Schwaige</subfield>
  </datafield>
  <datafield tag="500" ind1=" " ind2=" ">
    <subfield code="a">Compact disc.</subfield>
  </datafield>
  <datafield tag="500" ind1=" " ind2=" ">
    <subfield code="a">Program notes inserted in container.</subfield>
  </datafield>
  <datafield tag="505" ind1="0" ind2=" ">
    <subfield code="a">Concerto no. 2 for flute and orchestra, op. 31 in D minor/d-moll/r ̌mineur. Allegro (10:25) ; Larghetto non troppo (4:25) ; Polacca (5:23) -- Concertante for flute and clarinet with orchestra, op. 41 in B/H-dur/si majeur. Allegro moderato (10:24) ; Larghetto (4:46) -- Polonaise (Allegretto) (5:40) -- Fantasia for clarinet and orchestra on the theme &quot;La ci darem la mano&quot; (10:10).</subfield>
  </datafield>
  <datafield tag="650" ind1=" " ind2="0">
    <subfield code="a">Concertos (Clarinet and flute with chamber orchestra), Arranged.</subfield>
  </datafield>
  <datafield tag="700" ind1="1" ind2=" ">
    <subfield code="a">Danzi, Franz,</subfield>
    <subfield code="d">1763-1826.</subfield>
    <subfield code="t">Concertantes,</subfield>
    <subfield code="m">flute, clarinet, orchestra,</subfield>
    <subfield code="n">op. 41,</subfield>
    <subfield code="r">Bb major.</subfield>
  </datafield>
  <datafield tag="700" ind1="1" ind2=" ">
    <subfield code="a">Galway, James.</subfield>
  </datafield>
  <datafield tag="700" ind1="1" ind2=" ">
    <subfield code="a">Meyer, Sabine.</subfield>
  </datafield>
  <datafield tag="700" ind1="1" ind2=" ">
    <subfield code="a">Faerber, Jr̲g,</subfield>
    <subfield code="d">1929-</subfield>
  </datafield>
  <datafield tag="710" ind1="2" ind2=" ">
    <subfield code="a">Wurttembergisches Kammerorchester.</subfield>
  </datafield>
  <datafield tag="740" ind1="0" ind2=" ">
    <subfield code="a">Concertante, op.</subfield>
  </datafield>
  <datafield tag="985" ind1=" " ind2=" ">
    <subfield code="c">OCLC</subfield>
    <subfield code="e">Claimed Recordings</subfield>
  </datafield>
</record>