
<record>
  <leader>02781cjm a2200529 a 4500</leader>
  <controlfield tag="001">5736497</controlfield>
  <controlfield tag="005">19970804154212.1</controlfield>
  <controlfield tag="007">sdufsngnnmmned</controlfield>
  <controlfield tag="008">950617p19941980sz con                   </controlfield>
  <datafield tag="035" ind1=" " ind2=" ">
    <subfield code="9">(DLC)   95703372</subfield>
  </datafield>
  <datafield tag="906" ind1=" " ind2=" ">
    <subfield code="a">7</subfield>
    <subfield code="b">cbc</subfield>
    <subfield code="c">orignew</subfield>
    <subfield code="d">3</subfield>
    <subfield code="e">ncip</subfield>
    <subfield code="f">19</subfield>
    <subfield code="g">y-genmusic</subfield>
  </datafield>
  <datafield tag="955" ind1=" " ind2=" ">
    <subfield code="a">vl17 06-17-95</subfield>
  </datafield>
  <datafield tag="010" ind1=" " ind2=" ">
    <subfield code="a">   95703372 </subfield>
  </datafield>
  <datafield tag="028" ind1="0" ind2="2">
    <subfield code="a">799</subfield>
    <subfield code="b">Tudor</subfield>
  </datafield>
  <datafield tag="033" ind1="1" ind2=" ">
    <subfield code="a">19930204</subfield>
    <subfield code="a">19930205</subfield>
    <subfield code="b">6299</subfield>
    <subfield code="c">M8</subfield>
  </datafield>
  <datafield tag="033" ind1="2" ind2=" ">
    <subfield code="a">19861117</subfield>
    <subfield code="a">19861128</subfield>
    <subfield code="b">6299</subfield>
    <subfield code="c">M8</subfield>
  </datafield>
  <datafield tag="033" ind1="2" ind2=" ">
    <subfield code="a">19800202</subfield>
    <subfield code="a">19800205</subfield>
    <subfield code="b">6299</subfield>
    <subfield code="c">H53</subfield>
  </datafield>
  <datafield tag="040" ind1=" " ind2=" ">
    <subfield code="a">DLC</subfield>
    <subfield code="c">DLC</subfield>
    <subfield code="d">DLC</subfield>
  </datafield>
  <datafield tag="050" ind1="0" ind2="0">
    <subfield code="a">Tudor 799</subfield>
  </datafield>
  <datafield tag="100" ind1="1" ind2=" ">
    <subfield code="a">Danzi, Franz,</subfield>
    <subfield code="d">1763-1826.</subfield>
  </datafield>
  <datafield tag="240" ind1="1" ind2="0">
    <subfield code="a">Instrumental music.</subfield>
    <subfield code="k">Selections</subfield>
  </datafield>
  <datafield tag="245" ind1="1" ind2="0">
    <subfield code="a">Franz Danzi</subfield>
    <subfield code="h">[sound recording].</subfield>
  </datafield>
  <datafield tag="260" ind1=" " ind2=" ">
    <subfield code="a">Zurich :</subfield>
    <subfield code="b">Tudor,</subfield>
    <subfield code="c">p1994.</subfield>
  </datafield>
  <datafield tag="300" ind1=" " ind2=" ">
    <subfield code="a">1 sound disc :</subfield>
    <subfield code="b">digital, stereo. ;</subfield>
    <subfield code="c">4 3/4</subfield>
  </datafield>
  <datafield tag="306" ind1=" " ind2=" ">
    <subfield code="a">000730</subfield>
    <subfield code="a">000920</subfield>
    <subfield code="a">001021</subfield>
    <subfield code="a">001426</subfield>
    <subfield code="a">001931</subfield>
  </datafield>
  <datafield tag="500" ind1=" " ind2=" ">
    <subfield code="a">Originally for clarinet and string quartet or string orchestra with winds ad libitum (1st-3rd works).</subfield>
  </datafield>
  <datafield tag="511" ind1="0" ind2=" ">
    <subfield code="a">Eduard Brunner, clarinet ; Klaus Thunemann, bassoon ; Aurl̈e Nicolet, flute ; Munchener Kammerorchester (1st-4th works) ; Wurttembergisches Kammerorchester (5th work) ; Hans Stadlmair (1st-4th works), Jr̲g Faerber (5th work), conductors.</subfield>
  </datafield>
  <datafield tag="518" ind1=" " ind2=" ">
    <subfield code="a">Recorded Feb. 4-5, 1993 (1st and 3rd works), Nov. 17 and 28 (2nd and 4th works) at the Bayer. Rundfunk Munchen, Studio 1; Feb. 2-4, 1980 (5th work) at the Kreuzkirche Heil</subfield>
  </datafield>
  <datafield tag="500" ind1=" " ind2=" ">
    <subfield code="a">Compact di</subfield>
  </datafield>
  <datafield tag="505" ind1="0" ind2=" ">
    <subfield code="a">Potpourri no. 1 in B flat, op. 45 (7:30) -- Potpourri no. 2 : variations on a theme from Mozart&apos;s &quot;Don Giovanni&quot; (L ̉ci darem la mano) (9:20) -- Potpourri no. 3 in B flat (10:21) -- Concertino for clarinet, bassoon, and orchestra in B flat, op. 47 (14:26) -- Concertante for flute, clarinet, and orchestra in B flat, op. 41 (19:31).</subfield>
  </datafield>
  <datafield tag="650" ind1=" " ind2="0">
    <subfield code="a">Clarinet with chamber orchestra.</subfield>
  </datafield>
  <datafield tag="650" ind1=" " ind2="0">
    <subfield code="a">Concertos (Bassoon and clarinet)</subfield>
  </datafield>
  <datafield tag="650" ind1=" " ind2="0">
    <subfield code="a">Clarinet and flute with orchestra.</subfield>
  </datafield>
  <datafield tag="700" ind1="1" ind2=" ">
    <subfield code="a">Brunner, Eduard.</subfield>
    <subfield code="4">prf</subfield>
  </datafield>
  <datafield tag="700" ind1="1" ind2=" ">
    <subfield code="a">Thunemann, Klaus.</subfield>
    <subfield code="4">prf</subfield>
  </datafield>
  <datafield tag="700" ind1="1" ind2=" ">
    <subfield code="a">Nicolet, Aurl̈e.</subfield>
    <subfield code="4">prf</subfield>
  </datafield>
  <datafield tag="700" ind1="1" ind2=" ">
    <subfield code="a">Stadlmair, Hans,</subfield>
    <subfield code="d">1929-</subfield>
    <subfield code="4">cnd</subfield>
  </datafield>
  <datafield tag="700" ind1="1" ind2=" ">
    <subfield code="a">Faerber, Jr̲g,</subfield>
    <subfield code="d">1929-</subfield>
    <subfield code="4">cnd</subfield>
  </datafield>
  <datafield tag="700" ind1="1" ind2="2">
    <subfield code="a">Danzi, Franz,</subfield>
    <subfield code="d">1763-1826.</subfield>
    <subfield code="t">Potpourris,</subfield>
    <subfield code="m">clarinet, orchestra,</subfield>
    <subfield code="n">no. 1, op. 45,</subfield>
    <subfield code="r">Bb major.</subfield>
  </datafield>
  <datafield tag="700" ind1="1" ind2="2">
    <subfield code="a">Danzi, Franz,</subfield>
    <subfield code="d">1763-1826.</subfield>
    <subfield code="t">Potpourris,</subfield>
    <subfield code="m">clarinet, orchestra,</subfield>
    <subfield code="n">no. 2,</subfield>
    <subfield code="r">Bb major.</subfield>
  </datafield>
  <datafield tag="700" ind1="1" ind2="2">
    <subfield code="a">Danzi, Franz,</subfield>
    <subfield code="d">1763-1826.</subfield>
    <subfield code="t">Potpourris,</subfield>
    <subfield code="m">clarinet, orchestra,</subfield>
    <subfield code="n">no. 3,</subfield>
    <subfield code="r">Bb major.</subfield>
  </datafield>
  <datafield tag="700" ind1="1" ind2="2">
    <subfield code="a">Danzi, Franz,</subfield>
    <subfield code="d">1763-1826.</subfield>
    <subfield code="t">Concertantes,</subfield>
    <subfield code="m">clarinet, bassoon, orchestra,</subfield>
    <subfield code="n">op. 47,</subfield>
    <subfield code="r">Bb major.</subfield>
  </datafield>
  <datafield tag="700" ind1="1" ind2="2">
    <subfield code="a">Danzi, Franz,</subfield>
    <subfield code="d">1763-1826.</subfield>
    <subfield code="t">Concertantes,</subfield>
    <subfield code="m">flute, clarinet, orchestra,</subfield>
    <subfield code="n">op. 41,</subfield>
    <subfield code="r">Bb major.</subfield>
  </datafield>
  <datafield tag="710" ind1="2" ind2=" ">
    <subfield code="a">Munchner Kammerorchester.</subfield>
    <subfield code="4">prf</subfield>
  </datafield>
  <datafield tag="710" ind1="2" ind2=" ">
    <subfield code="a">Wurttembergisches Kammerorchester.</subfield>
    <subfield code="4"></subfield>
  </datafield>
  <datafield tag="953" ind1=" " ind2=" ">
    <subfield code="a">T</subfield>
  </datafield>
  <datafield tag="991" ind1=" " ind2=" ">
    <subfield code="b">c-RecSound</subfield>
    <subfield code="h">Tudor 799</subfield>
    <subfield code="w">MUSIC</subfield>
  </datafield>
</record>