
<record>
  <leader>02631njm a22004691a 4500</leader>
  <controlfield tag="001">12080148</controlfield>
  <controlfield tag="005">20000625164303.0</controlfield>
  <controlfield tag="007">sdufsngnn---ed</controlfield>
  <controlfield tag="008">970410s1996    gw mun                  d</controlfield>
  <datafield tag="035" ind1=" " ind2=" ">
    <subfield code="a">(OCoLC)ocm36714990</subfield>
  </datafield>
  <datafield tag="906" ind1=" " ind2=" ">
    <subfield code="a">0</subfield>
    <subfield code="b">cbc</subfield>
    <subfield code="c">copycat</subfield>
    <subfield code="d">3</subfield>
    <subfield code="e">ncip</subfield>
    <subfield code="f">19</subfield>
    <subfield code="g">y-soundrec</subfield>
  </datafield>
  <datafield tag="010" ind1=" " ind2=" ">
    <subfield code="a">   99595536 </subfield>
  </datafield>
  <datafield tag="024" ind1="1" ind2=" ">
    <subfield code="a">2435561372</subfield>
  </datafield>
  <datafield tag="028" ind1="0" ind2="2">
    <subfield code="a">7243 5 56137 2 1</subfield>
    <subfield code="b">EMI Classics</subfield>
  </datafield>
  <datafield tag="033" ind1="2" ind2="0">
    <subfield code="a">19960129</subfield>
    <subfield code="a">19960202</subfield>
    <subfield code="b">6044</subfield>
    <subfield code="c">Z8</subfield>
  </datafield>
  <datafield tag="040" ind1=" " ind2=" ">
    <subfield code="a">OBE</subfield>
    <subfield code="c">OBE</subfield>
    <subfield code="d">DLC</subfield>
  </datafield>
  <datafield tag="042" ind1=" " ind2=" ">
    <subfield code="a">lcderive</subfield>
  </datafield>
  <datafield tag="050" ind1="0" ind2="0">
    <subfield code="a">EMI Classics 7243 5 56137 2 1</subfield>
  </datafield>
  <datafield tag="100" ind1="1" ind2=" ">
    <subfield code="a">Meyer, Sabine,</subfield>
    <subfield code="d">1959-</subfield>
    <subfield code="4">itr</subfield>
  </datafield>
  <datafield tag="245" ind1="1" ind2="2">
    <subfield code="a">A night at the opera</subfield>
    <subfield code="h">[sound recording] /</subfield>
    <subfield code="c">Mozart, ... [et al.].</subfield>
  </datafield>
  <datafield tag="260" ind1=" " ind2=" ">
    <subfield code="a">Kl̲n :</subfield>
    <subfield code="b">EMI Classics,</subfield>
    <subfield code="c">p1996.</subfield>
  </datafield>
  <datafield tag="300" ind1=" " ind2=" ">
    <subfield code="a">1 sound disc :</subfield>
    <subfield code="b">digital, stereo. ;</subfield>
    <subfield code="c">4 3/4 in.</subfield>
  </datafield>
  <datafield tag="306" ind1=" " ind2=" ">
    <subfield code="a">001200</subfield>
    <subfield code="a">000335</subfield>
    <subfield code="a">000952</subfield>
    <subfield code="a">000429</subfield>
    <subfield code="a">001255</subfield>
    <subfield code="a">000535</subfield>
    <subfield code="a">001042</subfield>
  </datafield>
  <datafield tag="500" ind1=" " ind2=" ">
    <subfield code="a">Opera arias and variations on opera themes for clarinet and orchestra.</subfield>
  </datafield>
  <datafield tag="511" ind1="0" ind2=" ">
    <subfield code="a">Sabine Meyer, clarinet ; Orchester der Oper Zurich ; Franz Welser-Ms̲t, conductor.</subfield>
  </datafield>
  <datafield tag="518" ind1=" " ind2=" ">
    <subfield code="a">Recorded Jan. 29-Feb. 2, 1996, Reformierte Kirche, Zurich-Altstt̃ten.</subfield>
  </datafield>
  <datafield tag="500" ind1=" " ind2=" ">
    <subfield code="a">Compact di</subfield>
  </datafield>
  <datafield tag="505" ind1="0" ind2=" ">
    <subfield code="a">Fantasia di concerto &quot;Rigoletto&quot; / Giuseppe Verdi ; arr. Kurt Herrlinger ; Bassi, Giampieri (12:00) -- Dies Bildnis ist bezaubernd schn̲ / Wolfgang Amadeus Mozart (3:35) -- Konzertstuck g-Moll : Variationen uber &quot;L ̉ci darem la mano&quot; / Franz Danzi (9:52) -- Leise, leise fromme Weise / Carl Maria von Weber (4:29) -- Thema und Variationen concertante : op. 33 B-dur / Carl Maria von Weber ; arr. Rainer Schottstd̃t (12:25) -- Una voce poco f ̉/ Gioacchino Rossini ; arr. Schottstd̃t (5:35) -- Introduktion, Thema und Variationen Es-dur / Gioacchino Rossini (10:42).</subfield>
  </datafield>
  <datafield tag="650" ind1=" " ind2="0">
    <subfield code="a">Operas</subfield>
    <subfield code="x">Excerpts, Arr</subfield>
  </datafield>
  <datafield tag="650" ind1=" " ind2="0">
    <subfield code="a">Clarinet with orchestra, Arranged.</subfield>
  </datafield>
  <datafield tag="650" ind1=" " ind2="0">
    <subfield code="a">Variations (Clarinet with orchestra)</subfield>
  </datafield>
  <datafield tag="700" ind1="1" ind2=" ">
    <subfield code="a">Meyer, Sabine,</subfield>
    <subfield code="d">1959-</subfield>
    <subfield code="4">itr</subfield>
  </datafield>
  <datafield tag="700" ind1="2" ind2=" ">
    <subfield code="a">Welser-Ms̲t, Franz.</subfield>
    <subfield code="4">cnd</subfield>
  </datafield>
  <datafield tag="700" ind1="1" ind2="2">
    <subfield code="a">Bassi, Luigi,</subfield>
    <subfield code="t">Rigoletto;</subfield>
    <subfield code="o">arr.</subfield>
  </datafield>
  <datafield tag="700" ind1="1" ind2="2">
    <subfield code="a">Mozart, Wolfgang Amadeus,</subfield>
    <subfield code="d">1756-1791.</subfield>
    <subfield code="t">Zauberflt̲e.</subfield>
    <subfield code="p">Dies Bildnis ist bezaubernd schn̲;</subfield>
    <subfield code="o">arr.</subfield>
  </datafield>
  <datafield tag="700" ind1="1" ind2="2">
    <subfield code="a">Danzi, Franz,</subfield>
    <subfield code="d">1763-1826.</subfield>
    <subfield code="t">Potpourris,</subfield>
    <subfield code="m">clarinet, strings,</subfield>
    <subfield code="n">no. 2,</subfield>
    <subfield code="r">G minor.</subfield>
  </datafield>
  <datafield tag="700" ind1="1" ind2="2">
    <subfield code="a">Weber, Carl Maria von,</subfield>
    <subfield code="d">1786-1826.</subfield>
    <subfield code="t">Freischutz.</subfield>
    <subfield code="p">Leise, leise, fromme Weise;</subfield>
    <subfield code="o">arr.</subfield>
  </datafield>
  <datafield tag="700" ind1="1" ind2="2">
    <subfield code="a">Weber, Carl Maria von,</subfield>
    <subfield code="d">1786-1826.</subfield>
    <subfield code="t">Variationen uber ein Thema aus Silvana;</subfield>
    <subfield code="o">a</subfield>
  </datafield>
  <datafield tag="700" ind1="1" ind2="2">
    <subfield code="a">Rossini, Gioacchino,</subfield>
    <subfield code="d">1792-1868.</subfield>
    <subfield code="t">Barbiere di Siviglia.</subfield>
    <subfield code="p">Voce poco fa;</subfield>
    <subfield code="o">a</subfield>
  </datafield>
  <datafield tag="700" ind1="1" ind2="2">
    <subfield code="a">Rossini, Gioacchino,</subfield>
    <subfield code="d">1792-1868.</subfield>
    <subfield code="t">Variations,</subfield>
    <subfield code="m">clarinet, orchestra,</subfield>
    <subfield code="r">C major.</subfield>
  </datafield>
  <datafield tag="710" ind1="2" ind2=" ">
    <subfield code="a">Oper Zurich.</subfield>
    <subfield code="b">Orchester.</subfield>
    <subfield code="4">prf</subfield>
  </datafield>
  <datafield tag="985" ind1=" " ind2=" ">
    <subfield code="c">OCLC</subfield>
    <subfield code="e">Claimed Recordi</subfield>
  </datafield>
</record>